%YAML 1.1
%TAG !u! tag:unity3d.com,2011:
--- !u!1 &4080319039033479300
GameObject:
  m_ObjectHideFlags: 0
  m_CorrespondingSourceObject: {fileID: 0}
  m_PrefabInstance: {fileID: 0}
  m_PrefabAsset: {fileID: 0}
  serializedVersion: 6
  m_Component:
  - component: {fileID: 1568001419784563067}
  - component: {fileID: 2461805495939230797}
  - component: {fileID: 3501957050325390519}
  - component: {fileID: 7195814139082096888}
  m_Layer: 0
  m_Name: Heal
  m_TagString: Untagged
  m_Icon: {fileID: 0}
  m_NavMeshLayer: 0
  m_StaticEditorFlags: 0
  m_IsActive: 1
--- !u!4 &1568001419784563067
Transform:
  m_ObjectHideFlags: 0
  m_CorrespondingSourceObject: {fileID: 0}
  m_PrefabInstance: {fileID: 0}
  m_PrefabAsset: {fileID: 0}
  m_GameObject: {fileID: 4080319039033479300}
  m_LocalRotation: {x: 0, y: 0, z: 0, w: 1}
  m_LocalPosition: {x: 0, y: 0, z: 0}
  m_LocalScale: {x: 1, y: 1, z: 1}
  m_ConstrainProportionsScale: 0
  m_Children: []
  m_Father: {fileID: 508029162967619565}
  m_RootOrder: 0
  m_LocalEulerAnglesHint: {x: 0, y: 0, z: 0}
--- !u!114 &2461805495939230797
MonoBehaviour:
  m_ObjectHideFlags: 0
  m_CorrespondingSourceObject: {fileID: 0}
  m_PrefabInstance: {fileID: 0}
  m_PrefabAsset: {fileID: 0}
  m_GameObject: {fileID: 4080319039033479300}
  m_Enabled: 1
  m_EditorHideFlags: 0
  m_Script: {fileID: 11500000, guid: 0ea284412bfb24649a9f035644ce9345, type: 3}
  m_Name: 
  m_EditorClassIdentifier: 
  subEffect: {fileID: 3501957050325390519}
--- !u!114 &3501957050325390519
MonoBehaviour:
  m_ObjectHideFlags: 0
  m_CorrespondingSourceObject: {fileID: 0}
  m_PrefabInstance: {fileID: 0}
  m_PrefabAsset: {fileID: 0}
  m_GameObject: {fileID: 4080319039033479300}
  m_Enabled: 1
  m_EditorHideFlags: 0
  m_Script: {fileID: 11500000, guid: 718b21bbe9c41654a98c5f2d9adc5afd, type: 3}
  m_Name: 
  m_EditorClassIdentifier: 
  subEffect: {fileID: 7195814139082096888}
  target: 1
  counter: 1
  comparator: 0
--- !u!114 &7195814139082096888
MonoBehaviour:
  m_ObjectHideFlags: 0
  m_CorrespondingSourceObject: {fileID: 0}
  m_PrefabInstance: {fileID: 0}
  m_PrefabAsset: {fileID: 0}
  m_GameObject: {fileID: 4080319039033479300}
  m_Enabled: 1
  m_EditorHideFlags: 0
  m_Script: {fileID: 11500000, guid: 8527b8b869bf9ac4383112a732bd07d4, type: 3}
  m_Name: 
  m_EditorClassIdentifier: 
  quantity: 3
  target: 0
--- !u!1001 &2558267596697062968
PrefabInstance:
  m_ObjectHideFlags: 0
  serializedVersion: 2
  m_Modification:
    m_TransformParent: {fileID: 0}
    m_Modifications:
    - target: {fileID: 29661977046572059, guid: 7100423288ef637479e17e31ed2b6fc4,
        type: 3}
      propertyPath: m_AnchorMax.y
      value: 0
      objectReference: {fileID: 0}
    - target: {fileID: 29661977046572059, guid: 7100423288ef637479e17e31ed2b6fc4,
        type: 3}
      propertyPath: m_AnchorMin.y
      value: 0
      objectReference: {fileID: 0}
    - target: {fileID: 29661977046572059, guid: 7100423288ef637479e17e31ed2b6fc4,
        type: 3}
      propertyPath: m_SizeDelta.x
      value: 0
      objectReference: {fileID: 0}
    - target: {fileID: 29661977046572059, guid: 7100423288ef637479e17e31ed2b6fc4,
        type: 3}
      propertyPath: m_SizeDelta.y
      value: 0
      objectReference: {fileID: 0}
    - target: {fileID: 29661977046572059, guid: 7100423288ef637479e17e31ed2b6fc4,
        type: 3}
      propertyPath: m_AnchoredPosition.x
      value: 0
      objectReference: {fileID: 0}
    - target: {fileID: 29661977046572059, guid: 7100423288ef637479e17e31ed2b6fc4,
        type: 3}
      propertyPath: m_AnchoredPosition.y
      value: 0
      objectReference: {fileID: 0}
    - target: {fileID: 958291773827653672, guid: 7100423288ef637479e17e31ed2b6fc4,
        type: 3}
      propertyPath: m_fontSize
      value: 36
      objectReference: {fileID: 0}
    - target: {fileID: 958291774000070348, guid: 7100423288ef637479e17e31ed2b6fc4,
        type: 3}
      propertyPath: color
      value: 1
      objectReference: {fileID: 0}
    - target: {fileID: 958291774000070348, guid: 7100423288ef637479e17e31ed2b6fc4,
        type: 3}
      propertyPath: effects.Array.size
      value: 1
      objectReference: {fileID: 0}
    - target: {fileID: 958291774000070348, guid: 7100423288ef637479e17e31ed2b6fc4,
        type: 3}
      propertyPath: effects.Array.data[0]
      value: 
      objectReference: {fileID: 2461805495939230797}
    - target: {fileID: 958291774000070348, guid: 7100423288ef637479e17e31ed2b6fc4,
        type: 3}
      propertyPath: effects.Array.data[1]
      value: 
      objectReference: {fileID: 0}
    - target: {fileID: 958291774000070349, guid: 7100423288ef637479e17e31ed2b6fc4,
        type: 3}
      propertyPath: name
      value: "Ch\xE2timent de Vie"
      objectReference: {fileID: 0}
    - target: {fileID: 958291774000070349, guid: 7100423288ef637479e17e31ed2b6fc4,
        type: 3}
      propertyPath: effectType
      value: 1
      objectReference: {fileID: 0}
    - target: {fileID: 958291774000070354, guid: 7100423288ef637479e17e31ed2b6fc4,
        type: 3}
      propertyPath: m_RootOrder
      value: 0
      objectReference: {fileID: 0}
    - target: {fileID: 958291774000070354, guid: 7100423288ef637479e17e31ed2b6fc4,
        type: 3}
      propertyPath: m_LocalPosition.x
      value: 0
      objectReference: {fileID: 0}
    - target: {fileID: 958291774000070354, guid: 7100423288ef637479e17e31ed2b6fc4,
        type: 3}
      propertyPath: m_LocalPosition.y
      value: 0
      objectReference: {fileID: 0}
    - target: {fileID: 958291774000070354, guid: 7100423288ef637479e17e31ed2b6fc4,
        type: 3}
      propertyPath: m_LocalPosition.z
      value: 0
      objectReference: {fileID: 0}
    - target: {fileID: 958291774000070354, guid: 7100423288ef637479e17e31ed2b6fc4,
        type: 3}
      propertyPath: m_LocalRotation.w
      value: 1
      objectReference: {fileID: 0}
    - target: {fileID: 958291774000070354, guid: 7100423288ef637479e17e31ed2b6fc4,
        type: 3}
      propertyPath: m_LocalRotation.x
      value: 0
      objectReference: {fileID: 0}
    - target: {fileID: 958291774000070354, guid: 7100423288ef637479e17e31ed2b6fc4,
        type: 3}
      propertyPath: m_LocalRotation.y
      value: 0
      objectReference: {fileID: 0}
    - target: {fileID: 958291774000070354, guid: 7100423288ef637479e17e31ed2b6fc4,
        type: 3}
      propertyPath: m_LocalRotation.z
      value: 0
      objectReference: {fileID: 0}
    - target: {fileID: 958291774000070354, guid: 7100423288ef637479e17e31ed2b6fc4,
        type: 3}
      propertyPath: m_LocalEulerAnglesHint.x
      value: 0
      objectReference: {fileID: 0}
    - target: {fileID: 958291774000070354, guid: 7100423288ef637479e17e31ed2b6fc4,
        type: 3}
      propertyPath: m_LocalEulerAnglesHint.y
      value: 0
      objectReference: {fileID: 0}
    - target: {fileID: 958291774000070354, guid: 7100423288ef637479e17e31ed2b6fc4,
        type: 3}
      propertyPath: m_LocalEulerAnglesHint.z
      value: 0
      objectReference: {fileID: 0}
    - target: {fileID: 958291774000070355, guid: 7100423288ef637479e17e31ed2b6fc4,
        type: 3}
      propertyPath: m_Name
      value: "Ch\xE2timentDeVie"
      objectReference: {fileID: 0}
    - target: {fileID: 958291775018053740, guid: 7100423288ef637479e17e31ed2b6fc4,
        type: 3}
      propertyPath: m_AnchorMax.y
      value: 0
      objectReference: {fileID: 0}
    - target: {fileID: 958291775018053740, guid: 7100423288ef637479e17e31ed2b6fc4,
        type: 3}
      propertyPath: m_AnchorMin.y
      value: 0
      objectReference: {fileID: 0}
    - target: {fileID: 958291775018053740, guid: 7100423288ef637479e17e31ed2b6fc4,
        type: 3}
      propertyPath: m_SizeDelta.x
      value: 0
      objectReference: {fileID: 0}
    - target: {fileID: 958291775018053740, guid: 7100423288ef637479e17e31ed2b6fc4,
        type: 3}
      propertyPath: m_SizeDelta.y
      value: 0
      objectReference: {fileID: 0}
    - target: {fileID: 958291775018053740, guid: 7100423288ef637479e17e31ed2b6fc4,
        type: 3}
      propertyPath: m_AnchoredPosition.x
      value: 0
      objectReference: {fileID: 0}
    - target: {fileID: 958291775018053740, guid: 7100423288ef637479e17e31ed2b6fc4,
        type: 3}
      propertyPath: m_AnchoredPosition.y
      value: 0
      objectReference: {fileID: 0}
    - target: {fileID: 958291775642709241, guid: 7100423288ef637479e17e31ed2b6fc4,
        type: 3}
      propertyPath: m_AnchorMax.y
      value: 0
      objectReference: {fileID: 0}
    - target: {fileID: 958291775642709241, guid: 7100423288ef637479e17e31ed2b6fc4,
        type: 3}
      propertyPath: m_AnchorMin.y
      value: 0
      objectReference: {fileID: 0}
    - target: {fileID: 958291775642709241, guid: 7100423288ef637479e17e31ed2b6fc4,
        type: 3}
      propertyPath: m_SizeDelta.x
      value: 0
      objectReference: {fileID: 0}
    - target: {fileID: 958291775642709241, guid: 7100423288ef637479e17e31ed2b6fc4,
        type: 3}
      propertyPath: m_SizeDelta.y
      value: 0
      objectReference: {fileID: 0}
    - target: {fileID: 958291775642709241, guid: 7100423288ef637479e17e31ed2b6fc4,
        type: 3}
      propertyPath: m_AnchoredPosition.x
      value: 0
      objectReference: {fileID: 0}
    - target: {fileID: 958291775642709241, guid: 7100423288ef637479e17e31ed2b6fc4,
        type: 3}
      propertyPath: m_AnchoredPosition.y
      value: 0
      objectReference: {fileID: 0}
    - target: {fileID: 958291775797632011, guid: 7100423288ef637479e17e31ed2b6fc4,
        type: 3}
      propertyPath: m_AnchorMax.y
      value: 0
      objectReference: {fileID: 0}
    - target: {fileID: 958291775797632011, guid: 7100423288ef637479e17e31ed2b6fc4,
        type: 3}
      propertyPath: m_AnchorMin.y
      value: 0
      objectReference: {fileID: 0}
    - target: {fileID: 958291775797632011, guid: 7100423288ef637479e17e31ed2b6fc4,
        type: 3}
      propertyPath: m_SizeDelta.x
      value: 0
      objectReference: {fileID: 0}
    - target: {fileID: 958291775797632011, guid: 7100423288ef637479e17e31ed2b6fc4,
        type: 3}
      propertyPath: m_SizeDelta.y
      value: 0
      objectReference: {fileID: 0}
    - target: {fileID: 958291775797632011, guid: 7100423288ef637479e17e31ed2b6fc4,
        type: 3}
      propertyPath: m_AnchoredPosition.x
      value: 0
      objectReference: {fileID: 0}
    - target: {fileID: 958291775797632011, guid: 7100423288ef637479e17e31ed2b6fc4,
        type: 3}
      propertyPath: m_AnchoredPosition.y
      value: 0
      objectReference: {fileID: 0}
    - target: {fileID: 3101342029344213039, guid: 7100423288ef637479e17e31ed2b6fc4,
        type: 3}
      propertyPath: m_AnchorMax.y
      value: 0
      objectReference: {fileID: 0}
    - target: {fileID: 3101342029344213039, guid: 7100423288ef637479e17e31ed2b6fc4,
        type: 3}
      propertyPath: m_AnchorMin.y
      value: 0
      objectReference: {fileID: 0}
    - target: {fileID: 3101342029344213039, guid: 7100423288ef637479e17e31ed2b6fc4,
        type: 3}
      propertyPath: m_SizeDelta.x
      value: 0
      objectReference: {fileID: 0}
    - target: {fileID: 3101342029344213039, guid: 7100423288ef637479e17e31ed2b6fc4,
        type: 3}
      propertyPath: m_SizeDelta.y
      value: 0
      objectReference: {fileID: 0}
    - target: {fileID: 3101342029344213039, guid: 7100423288ef637479e17e31ed2b6fc4,
        type: 3}
      propertyPath: m_AnchoredPosition.x
      value: 0
      objectReference: {fileID: 0}
    - target: {fileID: 3101342029344213039, guid: 7100423288ef637479e17e31ed2b6fc4,
        type: 3}
      propertyPath: m_AnchoredPosition.y
      value: 0
      objectReference: {fileID: 0}
    - target: {fileID: 3984161722097273588, guid: 7100423288ef637479e17e31ed2b6fc4,
        type: 3}
      propertyPath: m_AnchorMax.y
      value: 0
      objectReference: {fileID: 0}
    - target: {fileID: 3984161722097273588, guid: 7100423288ef637479e17e31ed2b6fc4,
        type: 3}
      propertyPath: m_AnchorMin.y
      value: 0
      objectReference: {fileID: 0}
    - target: {fileID: 3984161722097273588, guid: 7100423288ef637479e17e31ed2b6fc4,
        type: 3}
      propertyPath: m_SizeDelta.x
      value: 0
      objectReference: {fileID: 0}
    - target: {fileID: 3984161722097273588, guid: 7100423288ef637479e17e31ed2b6fc4,
        type: 3}
      propertyPath: m_SizeDelta.y
      value: 0
      objectReference: {fileID: 0}
    - target: {fileID: 3984161722097273588, guid: 7100423288ef637479e17e31ed2b6fc4,
        type: 3}
      propertyPath: m_AnchoredPosition.x
      value: 0
      objectReference: {fileID: 0}
    - target: {fileID: 3984161722097273588, guid: 7100423288ef637479e17e31ed2b6fc4,
        type: 3}
      propertyPath: m_AnchoredPosition.y
      value: 0
      objectReference: {fileID: 0}
    - target: {fileID: 5292994816507919900, guid: 7100423288ef637479e17e31ed2b6fc4,
        type: 3}
      propertyPath: m_AnchorMax.y
      value: 0
      objectReference: {fileID: 0}
    - target: {fileID: 5292994816507919900, guid: 7100423288ef637479e17e31ed2b6fc4,
        type: 3}
      propertyPath: m_AnchorMin.y
      value: 0
      objectReference: {fileID: 0}
    - target: {fileID: 5292994816507919900, guid: 7100423288ef637479e17e31ed2b6fc4,
        type: 3}
      propertyPath: m_SizeDelta.x
      value: 0
      objectReference: {fileID: 0}
    - target: {fileID: 5292994816507919900, guid: 7100423288ef637479e17e31ed2b6fc4,
        type: 3}
      propertyPath: m_SizeDelta.y
      value: 0
      objectReference: {fileID: 0}
    - target: {fileID: 5292994816507919900, guid: 7100423288ef637479e17e31ed2b6fc4,
        type: 3}
      propertyPath: m_AnchoredPosition.x
      value: 0
      objectReference: {fileID: 0}
    - target: {fileID: 5292994816507919900, guid: 7100423288ef637479e17e31ed2b6fc4,
        type: 3}
      propertyPath: m_AnchoredPosition.y
      value: 0
      objectReference: {fileID: 0}
    m_RemovedComponents: []
  m_SourcePrefab: {fileID: 100100000, guid: 7100423288ef637479e17e31ed2b6fc4, type: 3}
--- !u!4 &508029162967619565 stripped
Transform:
  m_CorrespondingSourceObject: {fileID: 2633527187675552213, guid: 7100423288ef637479e17e31ed2b6fc4,
    type: 3}
  m_PrefabInstance: {fileID: 2558267596697062968}
  m_PrefabAsset: {fileID: 0}
