%YAML 1.1
%TAG !u! tag:unity3d.com,2011:
--- !u!1 &4080319039033479300
GameObject:
  m_ObjectHideFlags: 0
  m_CorrespondingSourceObject: {fileID: 0}
  m_PrefabInstance: {fileID: 0}
  m_PrefabAsset: {fileID: 0}
  serializedVersion: 6
  m_Component:
  - component: {fileID: 1568001419784563067}
  - component: {fileID: 8393524248453480117}
  - component: {fileID: 3144020065127099643}
  - component: {fileID: 5468388601402684606}
  m_Layer: 0
  m_Name: DoublePlays
  m_TagString: Untagged
  m_Icon: {fileID: 0}
  m_NavMeshLayer: 0
  m_StaticEditorFlags: 0
  m_IsActive: 1
--- !u!4 &1568001419784563067
Transform:
  m_ObjectHideFlags: 0
  m_CorrespondingSourceObject: {fileID: 0}
  m_PrefabInstance: {fileID: 0}
  m_PrefabAsset: {fileID: 0}
  m_GameObject: {fileID: 4080319039033479300}
  m_LocalRotation: {x: 0, y: 0, z: 0, w: 1}
  m_LocalPosition: {x: 0, y: 0, z: 0}
  m_LocalScale: {x: 1, y: 1, z: 1}
  m_ConstrainProportionsScale: 0
  m_Children: []
  m_Father: {fileID: 508029162967619565}
  m_RootOrder: 0
  m_LocalEulerAnglesHint: {x: 0, y: 0, z: 0}
--- !u!114 &8393524248453480117
MonoBehaviour:
  m_ObjectHideFlags: 0
  m_CorrespondingSourceObject: {fileID: 0}
  m_PrefabInstance: {fileID: 0}
  m_PrefabAsset: {fileID: 0}
  m_GameObject: {fileID: 4080319039033479300}
  m_Enabled: 1
  m_EditorHideFlags: 0
  m_Script: {fileID: 11500000, guid: e998c41dd0df34c43857d5ece7a8819e, type: 3}
  m_Name: 
  m_EditorClassIdentifier: 
  subEffect: {fileID: 3144020065127099643}
--- !u!114 &3144020065127099643
MonoBehaviour:
  m_ObjectHideFlags: 0
  m_CorrespondingSourceObject: {fileID: 0}
  m_PrefabInstance: {fileID: 0}
  m_PrefabAsset: {fileID: 0}
  m_GameObject: {fileID: 4080319039033479300}
  m_Enabled: 1
  m_EditorHideFlags: 0
  m_Script: {fileID: 11500000, guid: af1a21f4784fe4d4c8d450ebd28e5c24, type: 3}
  m_Name: 
  m_EditorClassIdentifier: 
  subEffect: {fileID: 5468388601402684606}
  target: 0
  counter: 1
  comparator: 3
--- !u!114 &5468388601402684606
MonoBehaviour:
  m_ObjectHideFlags: 0
  m_CorrespondingSourceObject: {fileID: 0}
  m_PrefabInstance: {fileID: 0}
  m_PrefabAsset: {fileID: 0}
  m_GameObject: {fileID: 4080319039033479300}
  m_Enabled: 1
  m_EditorHideFlags: 0
  m_Script: {fileID: 11500000, guid: 7cb3b97fcf9773349a78164fa80ca119, type: 3}
  m_Name: 
  m_EditorClassIdentifier: 
--- !u!1001 &2558267596697062968
PrefabInstance:
  m_ObjectHideFlags: 0
  serializedVersion: 2
  m_Modification:
    m_TransformParent: {fileID: 0}
    m_Modifications:
    - target: {fileID: 29661977046572059, guid: 7100423288ef637479e17e31ed2b6fc4,
        type: 3}
      propertyPath: m_AnchorMax.y
      value: 0
      objectReference: {fileID: 0}
    - target: {fileID: 29661977046572059, guid: 7100423288ef637479e17e31ed2b6fc4,
        type: 3}
      propertyPath: m_AnchorMin.y
      value: 0
      objectReference: {fileID: 0}
    - target: {fileID: 29661977046572059, guid: 7100423288ef637479e17e31ed2b6fc4,
        type: 3}
      propertyPath: m_SizeDelta.x
      value: 0
      objectReference: {fileID: 0}
    - target: {fileID: 29661977046572059, guid: 7100423288ef637479e17e31ed2b6fc4,
        type: 3}
      propertyPath: m_SizeDelta.y
      value: 0
      objectReference: {fileID: 0}
    - target: {fileID: 29661977046572059, guid: 7100423288ef637479e17e31ed2b6fc4,
        type: 3}
      propertyPath: m_AnchoredPosition.x
      value: 0
      objectReference: {fileID: 0}
    - target: {fileID: 29661977046572059, guid: 7100423288ef637479e17e31ed2b6fc4,
        type: 3}
      propertyPath: m_AnchoredPosition.y
      value: 0
      objectReference: {fileID: 0}
    - target: {fileID: 958291773827653672, guid: 7100423288ef637479e17e31ed2b6fc4,
        type: 3}
      propertyPath: m_fontSize
      value: 36
      objectReference: {fileID: 0}
    - target: {fileID: 958291774000070348, guid: 7100423288ef637479e17e31ed2b6fc4,
        type: 3}
      propertyPath: type
      value: 1
      objectReference: {fileID: 0}
    - target: {fileID: 958291774000070348, guid: 7100423288ef637479e17e31ed2b6fc4,
        type: 3}
      propertyPath: color
      value: 3
      objectReference: {fileID: 0}
    - target: {fileID: 958291774000070348, guid: 7100423288ef637479e17e31ed2b6fc4,
        type: 3}
      propertyPath: effects.Array.size
      value: 1
      objectReference: {fileID: 0}
    - target: {fileID: 958291774000070348, guid: 7100423288ef637479e17e31ed2b6fc4,
        type: 3}
      propertyPath: effects.Array.data[0]
      value: 
      objectReference: {fileID: 8393524248453480117}
    - target: {fileID: 958291774000070348, guid: 7100423288ef637479e17e31ed2b6fc4,
        type: 3}
      propertyPath: effects.Array.data[1]
      value: 
      objectReference: {fileID: 0}
    - target: {fileID: 958291774000070349, guid: 7100423288ef637479e17e31ed2b6fc4,
        type: 3}
      propertyPath: name
      value: "Derni\xE8re Volont\xE9"
      objectReference: {fileID: 0}
    - target: {fileID: 958291774000070349, guid: 7100423288ef637479e17e31ed2b6fc4,
        type: 3}
      propertyPath: effectType
      value: 3
      objectReference: {fileID: 0}
    - target: {fileID: 958291774000070354, guid: 7100423288ef637479e17e31ed2b6fc4,
        type: 3}
      propertyPath: m_RootOrder
      value: 0
      objectReference: {fileID: 0}
    - target: {fileID: 958291774000070354, guid: 7100423288ef637479e17e31ed2b6fc4,
        type: 3}
      propertyPath: m_LocalPosition.x
      value: 0
      objectReference: {fileID: 0}
    - target: {fileID: 958291774000070354, guid: 7100423288ef637479e17e31ed2b6fc4,
        type: 3}
      propertyPath: m_LocalPosition.y
      value: 0
      objectReference: {fileID: 0}
    - target: {fileID: 958291774000070354, guid: 7100423288ef637479e17e31ed2b6fc4,
        type: 3}
      propertyPath: m_LocalPosition.z
      value: 0
      objectReference: {fileID: 0}
    - target: {fileID: 958291774000070354, guid: 7100423288ef637479e17e31ed2b6fc4,
        type: 3}
      propertyPath: m_LocalRotation.w
      value: 1
      objectReference: {fileID: 0}
    - target: {fileID: 958291774000070354, guid: 7100423288ef637479e17e31ed2b6fc4,
        type: 3}
      propertyPath: m_LocalRotation.x
      value: 0
      objectReference: {fileID: 0}
    - target: {fileID: 958291774000070354, guid: 7100423288ef637479e17e31ed2b6fc4,
        type: 3}
      propertyPath: m_LocalRotation.y
      value: 0
      objectReference: {fileID: 0}
    - target: {fileID: 958291774000070354, guid: 7100423288ef637479e17e31ed2b6fc4,
        type: 3}
      propertyPath: m_LocalRotation.z
      value: 0
      objectReference: {fileID: 0}
    - target: {fileID: 958291774000070354, guid: 7100423288ef637479e17e31ed2b6fc4,
        type: 3}
      propertyPath: m_LocalEulerAnglesHint.x
      value: 0
      objectReference: {fileID: 0}
    - target: {fileID: 958291774000070354, guid: 7100423288ef637479e17e31ed2b6fc4,
        type: 3}
      propertyPath: m_LocalEulerAnglesHint.y
      value: 0
      objectReference: {fileID: 0}
    - target: {fileID: 958291774000070354, guid: 7100423288ef637479e17e31ed2b6fc4,
        type: 3}
      propertyPath: m_LocalEulerAnglesHint.z
      value: 0
      objectReference: {fileID: 0}
    - target: {fileID: 958291774000070355, guid: 7100423288ef637479e17e31ed2b6fc4,
        type: 3}
      propertyPath: m_Name
      value: DerniereVolonte
      objectReference: {fileID: 0}
    - target: {fileID: 958291775018053740, guid: 7100423288ef637479e17e31ed2b6fc4,
        type: 3}
      propertyPath: m_AnchorMax.y
      value: 0
      objectReference: {fileID: 0}
    - target: {fileID: 958291775018053740, guid: 7100423288ef637479e17e31ed2b6fc4,
        type: 3}
      propertyPath: m_AnchorMin.y
      value: 0
      objectReference: {fileID: 0}
    - target: {fileID: 958291775018053740, guid: 7100423288ef637479e17e31ed2b6fc4,
        type: 3}
      propertyPath: m_SizeDelta.x
      value: 0
      objectReference: {fileID: 0}
    - target: {fileID: 958291775018053740, guid: 7100423288ef637479e17e31ed2b6fc4,
        type: 3}
      propertyPath: m_SizeDelta.y
      value: 0
      objectReference: {fileID: 0}
    - target: {fileID: 958291775018053740, guid: 7100423288ef637479e17e31ed2b6fc4,
        type: 3}
      propertyPath: m_AnchoredPosition.x
      value: 0
      objectReference: {fileID: 0}
    - target: {fileID: 958291775018053740, guid: 7100423288ef637479e17e31ed2b6fc4,
        type: 3}
      propertyPath: m_AnchoredPosition.y
      value: 0
      objectReference: {fileID: 0}
    - target: {fileID: 958291775642709241, guid: 7100423288ef637479e17e31ed2b6fc4,
        type: 3}
      propertyPath: m_AnchorMax.y
      value: 0
      objectReference: {fileID: 0}
    - target: {fileID: 958291775642709241, guid: 7100423288ef637479e17e31ed2b6fc4,
        type: 3}
      propertyPath: m_AnchorMin.y
      value: 0
      objectReference: {fileID: 0}
    - target: {fileID: 958291775642709241, guid: 7100423288ef637479e17e31ed2b6fc4,
        type: 3}
      propertyPath: m_SizeDelta.x
      value: 0
      objectReference: {fileID: 0}
    - target: {fileID: 958291775642709241, guid: 7100423288ef637479e17e31ed2b6fc4,
        type: 3}
      propertyPath: m_SizeDelta.y
      value: 0
      objectReference: {fileID: 0}
    - target: {fileID: 958291775642709241, guid: 7100423288ef637479e17e31ed2b6fc4,
        type: 3}
      propertyPath: m_AnchoredPosition.x
      value: 0
      objectReference: {fileID: 0}
    - target: {fileID: 958291775642709241, guid: 7100423288ef637479e17e31ed2b6fc4,
        type: 3}
      propertyPath: m_AnchoredPosition.y
      value: 0
      objectReference: {fileID: 0}
    - target: {fileID: 958291775797632011, guid: 7100423288ef637479e17e31ed2b6fc4,
        type: 3}
      propertyPath: m_AnchorMax.y
      value: 0
      objectReference: {fileID: 0}
    - target: {fileID: 958291775797632011, guid: 7100423288ef637479e17e31ed2b6fc4,
        type: 3}
      propertyPath: m_AnchorMin.y
      value: 0
      objectReference: {fileID: 0}
    - target: {fileID: 958291775797632011, guid: 7100423288ef637479e17e31ed2b6fc4,
        type: 3}
      propertyPath: m_SizeDelta.x
      value: 0
      objectReference: {fileID: 0}
    - target: {fileID: 958291775797632011, guid: 7100423288ef637479e17e31ed2b6fc4,
        type: 3}
      propertyPath: m_SizeDelta.y
      value: 0
      objectReference: {fileID: 0}
    - target: {fileID: 958291775797632011, guid: 7100423288ef637479e17e31ed2b6fc4,
        type: 3}
      propertyPath: m_AnchoredPosition.x
      value: 0
      objectReference: {fileID: 0}
    - target: {fileID: 958291775797632011, guid: 7100423288ef637479e17e31ed2b6fc4,
        type: 3}
      propertyPath: m_AnchoredPosition.y
      value: 0
      objectReference: {fileID: 0}
    - target: {fileID: 3101342029344213039, guid: 7100423288ef637479e17e31ed2b6fc4,
        type: 3}
      propertyPath: m_AnchorMax.y
      value: 0
      objectReference: {fileID: 0}
    - target: {fileID: 3101342029344213039, guid: 7100423288ef637479e17e31ed2b6fc4,
        type: 3}
      propertyPath: m_AnchorMin.y
      value: 0
      objectReference: {fileID: 0}
    - target: {fileID: 3101342029344213039, guid: 7100423288ef637479e17e31ed2b6fc4,
        type: 3}
      propertyPath: m_SizeDelta.x
      value: 0
      objectReference: {fileID: 0}
    - target: {fileID: 3101342029344213039, guid: 7100423288ef637479e17e31ed2b6fc4,
        type: 3}
      propertyPath: m_SizeDelta.y
      value: 0
      objectReference: {fileID: 0}
    - target: {fileID: 3101342029344213039, guid: 7100423288ef637479e17e31ed2b6fc4,
        type: 3}
      propertyPath: m_AnchoredPosition.x
      value: 0
      objectReference: {fileID: 0}
    - target: {fileID: 3101342029344213039, guid: 7100423288ef637479e17e31ed2b6fc4,
        type: 3}
      propertyPath: m_AnchoredPosition.y
      value: 0
      objectReference: {fileID: 0}
    - target: {fileID: 3984161722097273588, guid: 7100423288ef637479e17e31ed2b6fc4,
        type: 3}
      propertyPath: m_AnchorMax.y
      value: 0
      objectReference: {fileID: 0}
    - target: {fileID: 3984161722097273588, guid: 7100423288ef637479e17e31ed2b6fc4,
        type: 3}
      propertyPath: m_AnchorMin.y
      value: 0
      objectReference: {fileID: 0}
    - target: {fileID: 3984161722097273588, guid: 7100423288ef637479e17e31ed2b6fc4,
        type: 3}
      propertyPath: m_SizeDelta.x
      value: 0
      objectReference: {fileID: 0}
    - target: {fileID: 3984161722097273588, guid: 7100423288ef637479e17e31ed2b6fc4,
        type: 3}
      propertyPath: m_SizeDelta.y
      value: 0
      objectReference: {fileID: 0}
    - target: {fileID: 3984161722097273588, guid: 7100423288ef637479e17e31ed2b6fc4,
        type: 3}
      propertyPath: m_AnchoredPosition.x
      value: 0
      objectReference: {fileID: 0}
    - target: {fileID: 3984161722097273588, guid: 7100423288ef637479e17e31ed2b6fc4,
        type: 3}
      propertyPath: m_AnchoredPosition.y
      value: 0
      objectReference: {fileID: 0}
    - target: {fileID: 5292994816507919900, guid: 7100423288ef637479e17e31ed2b6fc4,
        type: 3}
      propertyPath: m_AnchorMax.y
      value: 0
      objectReference: {fileID: 0}
    - target: {fileID: 5292994816507919900, guid: 7100423288ef637479e17e31ed2b6fc4,
        type: 3}
      propertyPath: m_AnchorMin.y
      value: 0
      objectReference: {fileID: 0}
    - target: {fileID: 5292994816507919900, guid: 7100423288ef637479e17e31ed2b6fc4,
        type: 3}
      propertyPath: m_SizeDelta.x
      value: 0
      objectReference: {fileID: 0}
    - target: {fileID: 5292994816507919900, guid: 7100423288ef637479e17e31ed2b6fc4,
        type: 3}
      propertyPath: m_SizeDelta.y
      value: 0
      objectReference: {fileID: 0}
    - target: {fileID: 5292994816507919900, guid: 7100423288ef637479e17e31ed2b6fc4,
        type: 3}
      propertyPath: m_AnchoredPosition.x
      value: 0
      objectReference: {fileID: 0}
    - target: {fileID: 5292994816507919900, guid: 7100423288ef637479e17e31ed2b6fc4,
        type: 3}
      propertyPath: m_AnchoredPosition.y
      value: 0
      objectReference: {fileID: 0}
    m_RemovedComponents: []
  m_SourcePrefab: {fileID: 100100000, guid: 7100423288ef637479e17e31ed2b6fc4, type: 3}
--- !u!4 &508029162967619565 stripped
Transform:
  m_CorrespondingSourceObject: {fileID: 2633527187675552213, guid: 7100423288ef637479e17e31ed2b6fc4,
    type: 3}
  m_PrefabInstance: {fileID: 2558267596697062968}
  m_PrefabAsset: {fileID: 0}
