%YAML 1.1
%TAG !u! tag:unity3d.com,2011:
--- !u!1 &1438544324712760617
GameObject:
  m_ObjectHideFlags: 0
  m_CorrespondingSourceObject: {fileID: 0}
  m_PrefabInstance: {fileID: 0}
  m_PrefabAsset: {fileID: 0}
  serializedVersion: 6
  m_Component:
  - component: {fileID: 1328580592923102849}
  - component: {fileID: 1614239359666474459}
  - component: {fileID: 7221733380280993535}
  m_Layer: 0
  m_Name: AddCard
  m_TagString: Untagged
  m_Icon: {fileID: 0}
  m_NavMeshLayer: 0
  m_StaticEditorFlags: 0
  m_IsActive: 1
--- !u!4 &1328580592923102849
Transform:
  m_ObjectHideFlags: 0
  m_CorrespondingSourceObject: {fileID: 0}
  m_PrefabInstance: {fileID: 0}
  m_PrefabAsset: {fileID: 0}
  m_GameObject: {fileID: 1438544324712760617}
  m_LocalRotation: {x: 0, y: 0, z: 0, w: 1}
  m_LocalPosition: {x: 0, y: 0, z: 0}
  m_LocalScale: {x: 1, y: 1, z: 1}
  m_ConstrainProportionsScale: 0
  m_Children: []
  m_Father: {fileID: 508029162967619565}
  m_RootOrder: 0
  m_LocalEulerAnglesHint: {x: 0, y: 0, z: 0}
--- !u!114 &1614239359666474459
MonoBehaviour:
  m_ObjectHideFlags: 0
  m_CorrespondingSourceObject: {fileID: 0}
  m_PrefabInstance: {fileID: 0}
  m_PrefabAsset: {fileID: 0}
  m_GameObject: {fileID: 1438544324712760617}
  m_Enabled: 1
  m_EditorHideFlags: 0
  m_Script: {fileID: 11500000, guid: f4eb88067b8027045846378646571ad1, type: 3}
  m_Name: 
  m_EditorClassIdentifier: 
  subEffect: {fileID: 7221733380280993535}
--- !u!114 &7221733380280993535
MonoBehaviour:
  m_ObjectHideFlags: 0
  m_CorrespondingSourceObject: {fileID: 0}
  m_PrefabInstance: {fileID: 0}
  m_PrefabAsset: {fileID: 0}
  m_GameObject: {fileID: 1438544324712760617}
  m_Enabled: 1
  m_EditorHideFlags: 0
  m_Script: {fileID: 11500000, guid: 4a8161f59ad29884aa2a0162c37c9e85, type: 3}
  m_Name: 
  m_EditorClassIdentifier: 
  zoneType: 2
--- !u!1 &4080319039033479300
GameObject:
  m_ObjectHideFlags: 0
  m_CorrespondingSourceObject: {fileID: 0}
  m_PrefabInstance: {fileID: 0}
  m_PrefabAsset: {fileID: 0}
  serializedVersion: 6
  m_Component:
  - component: {fileID: 1568001419784563067}
  - component: {fileID: 8924172411982460729}
  - component: {fileID: 948506347384665162}
  - component: {fileID: 822947424688485573}
  - component: {fileID: 7130190813943993034}
  m_Layer: 0
  m_Name: Replace
  m_TagString: Untagged
  m_Icon: {fileID: 0}
  m_NavMeshLayer: 0
  m_StaticEditorFlags: 0
  m_IsActive: 1
--- !u!4 &1568001419784563067
Transform:
  m_ObjectHideFlags: 0
  m_CorrespondingSourceObject: {fileID: 0}
  m_PrefabInstance: {fileID: 0}
  m_PrefabAsset: {fileID: 0}
  m_GameObject: {fileID: 4080319039033479300}
  m_LocalRotation: {x: 0, y: 0, z: 0, w: 1}
  m_LocalPosition: {x: 0, y: 0, z: 0}
  m_LocalScale: {x: 1, y: 1, z: 1}
  m_ConstrainProportionsScale: 0
  m_Children: []
  m_Father: {fileID: 508029162967619565}
  m_RootOrder: 1
  m_LocalEulerAnglesHint: {x: 0, y: 0, z: 0}
--- !u!114 &8924172411982460729
MonoBehaviour:
  m_ObjectHideFlags: 0
  m_CorrespondingSourceObject: {fileID: 0}
  m_PrefabInstance: {fileID: 0}
  m_PrefabAsset: {fileID: 0}
  m_GameObject: {fileID: 4080319039033479300}
  m_Enabled: 1
  m_EditorHideFlags: 0
  m_Script: {fileID: 11500000, guid: f4eb88067b8027045846378646571ad1, type: 3}
  m_Name: 
  m_EditorClassIdentifier: 
  subEffect: {fileID: 948506347384665162}
--- !u!114 &948506347384665162
MonoBehaviour:
  m_ObjectHideFlags: 0
  m_CorrespondingSourceObject: {fileID: 0}
  m_PrefabInstance: {fileID: 0}
  m_PrefabAsset: {fileID: 0}
  m_GameObject: {fileID: 4080319039033479300}
  m_Enabled: 1
  m_EditorHideFlags: 0
  m_Script: {fileID: 11500000, guid: d93c5a3dae429854997ff9408cb02b88, type: 3}
  m_Name: 
  m_EditorClassIdentifier: 
  subEffect: {fileID: 7130190813943993034}
  zones: 0100000002000000
  canAutoSelect: 0
  cardAction: {fileID: 822947424688485573}
  onFinishSelection:
    m_PersistentCalls:
      m_Calls: []
--- !u!114 &822947424688485573
MonoBehaviour:
  m_ObjectHideFlags: 0
  m_CorrespondingSourceObject: {fileID: 0}
  m_PrefabInstance: {fileID: 0}
  m_PrefabAsset: {fileID: 0}
  m_GameObject: {fileID: 4080319039033479300}
  m_Enabled: 1
  m_EditorHideFlags: 0
  m_Script: {fileID: 11500000, guid: ac17c846993bbf547b8c5f7fc9a842c8, type: 3}
  m_Name: 
  m_EditorClassIdentifier: 
  onPerform:
    m_PersistentCalls:
      m_Calls: []
  onEnable:
    m_PersistentCalls:
      m_Calls: []
  onDisable:
    m_PersistentCalls:
      m_Calls: []
  canSelectAnyCard: 0
  sourceCardZone: {fileID: 0}
--- !u!114 &7130190813943993034
MonoBehaviour:
  m_ObjectHideFlags: 0
  m_CorrespondingSourceObject: {fileID: 0}
  m_PrefabInstance: {fileID: 0}
  m_PrefabAsset: {fileID: 0}
  m_GameObject: {fileID: 4080319039033479300}
  m_Enabled: 1
  m_EditorHideFlags: 0
  m_Script: {fileID: 11500000, guid: c7adf3cb5f62f514daf640406928b825, type: 3}
  m_Name: 
  m_EditorClassIdentifier: 
  type: 0
--- !u!1001 &2558267596697062968
PrefabInstance:
  m_ObjectHideFlags: 0
  serializedVersion: 2
  m_Modification:
    m_TransformParent: {fileID: 0}
    m_Modifications:
    - target: {fileID: 29661977046572059, guid: 7100423288ef637479e17e31ed2b6fc4,
        type: 3}
      propertyPath: m_AnchorMax.y
      value: 0
      objectReference: {fileID: 0}
    - target: {fileID: 29661977046572059, guid: 7100423288ef637479e17e31ed2b6fc4,
        type: 3}
      propertyPath: m_AnchorMin.y
      value: 0
      objectReference: {fileID: 0}
    - target: {fileID: 29661977046572059, guid: 7100423288ef637479e17e31ed2b6fc4,
        type: 3}
      propertyPath: m_SizeDelta.x
      value: 0
      objectReference: {fileID: 0}
    - target: {fileID: 29661977046572059, guid: 7100423288ef637479e17e31ed2b6fc4,
        type: 3}
      propertyPath: m_SizeDelta.y
      value: 0
      objectReference: {fileID: 0}
    - target: {fileID: 29661977046572059, guid: 7100423288ef637479e17e31ed2b6fc4,
        type: 3}
      propertyPath: m_AnchoredPosition.x
      value: 0
      objectReference: {fileID: 0}
    - target: {fileID: 29661977046572059, guid: 7100423288ef637479e17e31ed2b6fc4,
        type: 3}
      propertyPath: m_AnchoredPosition.y
      value: 0
      objectReference: {fileID: 0}
    - target: {fileID: 958291773827653672, guid: 7100423288ef637479e17e31ed2b6fc4,
        type: 3}
      propertyPath: m_fontSize
      value: 36
      objectReference: {fileID: 0}
    - target: {fileID: 958291774000070348, guid: 7100423288ef637479e17e31ed2b6fc4,
        type: 3}
      propertyPath: color
      value: 3
      objectReference: {fileID: 0}
    - target: {fileID: 958291774000070348, guid: 7100423288ef637479e17e31ed2b6fc4,
        type: 3}
      propertyPath: effects.Array.size
      value: 2
      objectReference: {fileID: 0}
    - target: {fileID: 958291774000070348, guid: 7100423288ef637479e17e31ed2b6fc4,
        type: 3}
      propertyPath: effects.Array.data[0]
      value: 
      objectReference: {fileID: 1614239359666474459}
    - target: {fileID: 958291774000070348, guid: 7100423288ef637479e17e31ed2b6fc4,
        type: 3}
      propertyPath: effects.Array.data[1]
      value: 
      objectReference: {fileID: 8924172411982460729}
    - target: {fileID: 958291774000070349, guid: 7100423288ef637479e17e31ed2b6fc4,
        type: 3}
      propertyPath: name
      value: Extension
      objectReference: {fileID: 0}
    - target: {fileID: 958291774000070349, guid: 7100423288ef637479e17e31ed2b6fc4,
        type: 3}
      propertyPath: effectType
      value: 3
      objectReference: {fileID: 0}
    - target: {fileID: 958291774000070354, guid: 7100423288ef637479e17e31ed2b6fc4,
        type: 3}
      propertyPath: m_RootOrder
      value: 0
      objectReference: {fileID: 0}
    - target: {fileID: 958291774000070354, guid: 7100423288ef637479e17e31ed2b6fc4,
        type: 3}
      propertyPath: m_LocalPosition.x
      value: 0
      objectReference: {fileID: 0}
    - target: {fileID: 958291774000070354, guid: 7100423288ef637479e17e31ed2b6fc4,
        type: 3}
      propertyPath: m_LocalPosition.y
      value: 0
      objectReference: {fileID: 0}
    - target: {fileID: 958291774000070354, guid: 7100423288ef637479e17e31ed2b6fc4,
        type: 3}
      propertyPath: m_LocalPosition.z
      value: 0
      objectReference: {fileID: 0}
    - target: {fileID: 958291774000070354, guid: 7100423288ef637479e17e31ed2b6fc4,
        type: 3}
      propertyPath: m_LocalRotation.w
      value: 1
      objectReference: {fileID: 0}
    - target: {fileID: 958291774000070354, guid: 7100423288ef637479e17e31ed2b6fc4,
        type: 3}
      propertyPath: m_LocalRotation.x
      value: 0
      objectReference: {fileID: 0}
    - target: {fileID: 958291774000070354, guid: 7100423288ef637479e17e31ed2b6fc4,
        type: 3}
      propertyPath: m_LocalRotation.y
      value: 0
      objectReference: {fileID: 0}
    - target: {fileID: 958291774000070354, guid: 7100423288ef637479e17e31ed2b6fc4,
        type: 3}
      propertyPath: m_LocalRotation.z
      value: 0
      objectReference: {fileID: 0}
    - target: {fileID: 958291774000070354, guid: 7100423288ef637479e17e31ed2b6fc4,
        type: 3}
      propertyPath: m_LocalEulerAnglesHint.x
      value: 0
      objectReference: {fileID: 0}
    - target: {fileID: 958291774000070354, guid: 7100423288ef637479e17e31ed2b6fc4,
        type: 3}
      propertyPath: m_LocalEulerAnglesHint.y
      value: 0
      objectReference: {fileID: 0}
    - target: {fileID: 958291774000070354, guid: 7100423288ef637479e17e31ed2b6fc4,
        type: 3}
      propertyPath: m_LocalEulerAnglesHint.z
      value: 0
      objectReference: {fileID: 0}
    - target: {fileID: 958291774000070355, guid: 7100423288ef637479e17e31ed2b6fc4,
        type: 3}
      propertyPath: m_Name
      value: Extension
      objectReference: {fileID: 0}
    - target: {fileID: 958291775018053740, guid: 7100423288ef637479e17e31ed2b6fc4,
        type: 3}
      propertyPath: m_AnchorMax.y
      value: 0
      objectReference: {fileID: 0}
    - target: {fileID: 958291775018053740, guid: 7100423288ef637479e17e31ed2b6fc4,
        type: 3}
      propertyPath: m_AnchorMin.y
      value: 0
      objectReference: {fileID: 0}
    - target: {fileID: 958291775018053740, guid: 7100423288ef637479e17e31ed2b6fc4,
        type: 3}
      propertyPath: m_SizeDelta.x
      value: 0
      objectReference: {fileID: 0}
    - target: {fileID: 958291775018053740, guid: 7100423288ef637479e17e31ed2b6fc4,
        type: 3}
      propertyPath: m_SizeDelta.y
      value: 0
      objectReference: {fileID: 0}
    - target: {fileID: 958291775018053740, guid: 7100423288ef637479e17e31ed2b6fc4,
        type: 3}
      propertyPath: m_AnchoredPosition.x
      value: 0
      objectReference: {fileID: 0}
    - target: {fileID: 958291775018053740, guid: 7100423288ef637479e17e31ed2b6fc4,
        type: 3}
      propertyPath: m_AnchoredPosition.y
      value: 0
      objectReference: {fileID: 0}
    - target: {fileID: 958291775642709241, guid: 7100423288ef637479e17e31ed2b6fc4,
        type: 3}
      propertyPath: m_AnchorMax.y
      value: 0
      objectReference: {fileID: 0}
    - target: {fileID: 958291775642709241, guid: 7100423288ef637479e17e31ed2b6fc4,
        type: 3}
      propertyPath: m_AnchorMin.y
      value: 0
      objectReference: {fileID: 0}
    - target: {fileID: 958291775642709241, guid: 7100423288ef637479e17e31ed2b6fc4,
        type: 3}
      propertyPath: m_SizeDelta.x
      value: 0
      objectReference: {fileID: 0}
    - target: {fileID: 958291775642709241, guid: 7100423288ef637479e17e31ed2b6fc4,
        type: 3}
      propertyPath: m_SizeDelta.y
      value: 0
      objectReference: {fileID: 0}
    - target: {fileID: 958291775642709241, guid: 7100423288ef637479e17e31ed2b6fc4,
        type: 3}
      propertyPath: m_AnchoredPosition.x
      value: 0
      objectReference: {fileID: 0}
    - target: {fileID: 958291775642709241, guid: 7100423288ef637479e17e31ed2b6fc4,
        type: 3}
      propertyPath: m_AnchoredPosition.y
      value: 0
      objectReference: {fileID: 0}
    - target: {fileID: 958291775797632011, guid: 7100423288ef637479e17e31ed2b6fc4,
        type: 3}
      propertyPath: m_AnchorMax.y
      value: 0
      objectReference: {fileID: 0}
    - target: {fileID: 958291775797632011, guid: 7100423288ef637479e17e31ed2b6fc4,
        type: 3}
      propertyPath: m_AnchorMin.y
      value: 0
      objectReference: {fileID: 0}
    - target: {fileID: 958291775797632011, guid: 7100423288ef637479e17e31ed2b6fc4,
        type: 3}
      propertyPath: m_SizeDelta.x
      value: 0
      objectReference: {fileID: 0}
    - target: {fileID: 958291775797632011, guid: 7100423288ef637479e17e31ed2b6fc4,
        type: 3}
      propertyPath: m_SizeDelta.y
      value: 0
      objectReference: {fileID: 0}
    - target: {fileID: 958291775797632011, guid: 7100423288ef637479e17e31ed2b6fc4,
        type: 3}
      propertyPath: m_AnchoredPosition.x
      value: 0
      objectReference: {fileID: 0}
    - target: {fileID: 958291775797632011, guid: 7100423288ef637479e17e31ed2b6fc4,
        type: 3}
      propertyPath: m_AnchoredPosition.y
      value: 0
      objectReference: {fileID: 0}
    - target: {fileID: 3101342029344213039, guid: 7100423288ef637479e17e31ed2b6fc4,
        type: 3}
      propertyPath: m_AnchorMax.y
      value: 0
      objectReference: {fileID: 0}
    - target: {fileID: 3101342029344213039, guid: 7100423288ef637479e17e31ed2b6fc4,
        type: 3}
      propertyPath: m_AnchorMin.y
      value: 0
      objectReference: {fileID: 0}
    - target: {fileID: 3101342029344213039, guid: 7100423288ef637479e17e31ed2b6fc4,
        type: 3}
      propertyPath: m_SizeDelta.x
      value: 0
      objectReference: {fileID: 0}
    - target: {fileID: 3101342029344213039, guid: 7100423288ef637479e17e31ed2b6fc4,
        type: 3}
      propertyPath: m_SizeDelta.y
      value: 0
      objectReference: {fileID: 0}
    - target: {fileID: 3101342029344213039, guid: 7100423288ef637479e17e31ed2b6fc4,
        type: 3}
      propertyPath: m_AnchoredPosition.x
      value: 0
      objectReference: {fileID: 0}
    - target: {fileID: 3101342029344213039, guid: 7100423288ef637479e17e31ed2b6fc4,
        type: 3}
      propertyPath: m_AnchoredPosition.y
      value: 0
      objectReference: {fileID: 0}
    - target: {fileID: 3984161722097273588, guid: 7100423288ef637479e17e31ed2b6fc4,
        type: 3}
      propertyPath: m_AnchorMax.y
      value: 0
      objectReference: {fileID: 0}
    - target: {fileID: 3984161722097273588, guid: 7100423288ef637479e17e31ed2b6fc4,
        type: 3}
      propertyPath: m_AnchorMin.y
      value: 0
      objectReference: {fileID: 0}
    - target: {fileID: 3984161722097273588, guid: 7100423288ef637479e17e31ed2b6fc4,
        type: 3}
      propertyPath: m_SizeDelta.x
      value: 0
      objectReference: {fileID: 0}
    - target: {fileID: 3984161722097273588, guid: 7100423288ef637479e17e31ed2b6fc4,
        type: 3}
      propertyPath: m_SizeDelta.y
      value: 0
      objectReference: {fileID: 0}
    - target: {fileID: 3984161722097273588, guid: 7100423288ef637479e17e31ed2b6fc4,
        type: 3}
      propertyPath: m_AnchoredPosition.x
      value: 0
      objectReference: {fileID: 0}
    - target: {fileID: 3984161722097273588, guid: 7100423288ef637479e17e31ed2b6fc4,
        type: 3}
      propertyPath: m_AnchoredPosition.y
      value: 0
      objectReference: {fileID: 0}
    - target: {fileID: 5292994816507919900, guid: 7100423288ef637479e17e31ed2b6fc4,
        type: 3}
      propertyPath: m_AnchorMax.y
      value: 0
      objectReference: {fileID: 0}
    - target: {fileID: 5292994816507919900, guid: 7100423288ef637479e17e31ed2b6fc4,
        type: 3}
      propertyPath: m_AnchorMin.y
      value: 0
      objectReference: {fileID: 0}
    - target: {fileID: 5292994816507919900, guid: 7100423288ef637479e17e31ed2b6fc4,
        type: 3}
      propertyPath: m_SizeDelta.x
      value: 0
      objectReference: {fileID: 0}
    - target: {fileID: 5292994816507919900, guid: 7100423288ef637479e17e31ed2b6fc4,
        type: 3}
      propertyPath: m_SizeDelta.y
      value: 0
      objectReference: {fileID: 0}
    - target: {fileID: 5292994816507919900, guid: 7100423288ef637479e17e31ed2b6fc4,
        type: 3}
      propertyPath: m_AnchoredPosition.x
      value: 0
      objectReference: {fileID: 0}
    - target: {fileID: 5292994816507919900, guid: 7100423288ef637479e17e31ed2b6fc4,
        type: 3}
      propertyPath: m_AnchoredPosition.y
      value: 0
      objectReference: {fileID: 0}
    m_RemovedComponents: []
  m_SourcePrefab: {fileID: 100100000, guid: 7100423288ef637479e17e31ed2b6fc4, type: 3}
--- !u!4 &508029162967619565 stripped
Transform:
  m_CorrespondingSourceObject: {fileID: 2633527187675552213, guid: 7100423288ef637479e17e31ed2b6fc4,
    type: 3}
  m_PrefabInstance: {fileID: 2558267596697062968}
  m_PrefabAsset: {fileID: 0}
