%YAML 1.1
%TAG !u! tag:unity3d.com,2011:
--- !u!1 &1997655464
GameObject:
  m_ObjectHideFlags: 0
  m_CorrespondingSourceObject: {fileID: 0}
  m_PrefabInstance: {fileID: 0}
  m_PrefabAsset: {fileID: 0}
  serializedVersion: 6
  m_Component:
  - component: {fileID: 1997655465}
  - component: {fileID: 1997655467}
  - component: {fileID: 1997655466}
  m_Layer: 0
  m_Name: AllCardsZone
  m_TagString: Untagged
  m_Icon: {fileID: 0}
  m_NavMeshLayer: 0
  m_StaticEditorFlags: 0
  m_IsActive: 1
--- !u!4 &1997655465
Transform:
  m_ObjectHideFlags: 0
  m_CorrespondingSourceObject: {fileID: 0}
  m_PrefabInstance: {fileID: 0}
  m_PrefabAsset: {fileID: 0}
  m_GameObject: {fileID: 1997655464}
  m_LocalRotation: {x: 0, y: 0, z: 0, w: 1}
  m_LocalPosition: {x: 0, y: 0, z: 0}
  m_LocalScale: {x: 1, y: 1, z: 1}
  m_ConstrainProportionsScale: 0
  m_Children: []
  m_Father: {fileID: 4386761315323652087}
  m_RootOrder: 7
  m_LocalEulerAnglesHint: {x: 0, y: 0, z: 0}
--- !u!114 &1997655467
MonoBehaviour:
  m_ObjectHideFlags: 0
  m_CorrespondingSourceObject: {fileID: 0}
  m_PrefabInstance: {fileID: 0}
  m_PrefabAsset: {fileID: 0}
  m_GameObject: {fileID: 1997655464}
  m_Enabled: 1
  m_EditorHideFlags: 0
  m_Script: {fileID: 11500000, guid: 0a9ad85256f4e364e97035d748faff73, type: 3}
  m_Name: 
  m_EditorClassIdentifier: 
  insertFirst: 1
  onAddCard:
    m_PersistentCalls:
      m_Calls: []
  onRemoveCard:
    m_PersistentCalls:
      m_Calls: []
--- !u!114 &1997655466
MonoBehaviour:
  m_ObjectHideFlags: 0
  m_CorrespondingSourceObject: {fileID: 0}
  m_PrefabInstance: {fileID: 0}
  m_PrefabAsset: {fileID: 0}
  m_GameObject: {fileID: 1997655464}
  m_Enabled: 1
  m_EditorHideFlags: 0
  m_Script: {fileID: 11500000, guid: a375e2fdc55dcfe4c9410aa1d7822e83, type: 3}
  m_Name: 
  m_EditorClassIdentifier: 
  isVisible: 1
  type: 1
  cardSpacing: 0.1
--- !u!1001 &7965529990977547490
PrefabInstance:
  m_ObjectHideFlags: 0
  serializedVersion: 2
  m_Modification:
    m_TransformParent: {fileID: 0}
    m_Modifications:
    - target: {fileID: 5939077471086660373, guid: 3d516f5e5509b0e419cd14d442784b4f,
        type: 3}
      propertyPath: m_RootOrder
      value: 0
      objectReference: {fileID: 0}
    - target: {fileID: 5939077471086660373, guid: 3d516f5e5509b0e419cd14d442784b4f,
        type: 3}
      propertyPath: m_LocalPosition.x
      value: 0
      objectReference: {fileID: 0}
    - target: {fileID: 5939077471086660373, guid: 3d516f5e5509b0e419cd14d442784b4f,
        type: 3}
      propertyPath: m_LocalPosition.y
      value: 0
      objectReference: {fileID: 0}
    - target: {fileID: 5939077471086660373, guid: 3d516f5e5509b0e419cd14d442784b4f,
        type: 3}
      propertyPath: m_LocalPosition.z
      value: 0
      objectReference: {fileID: 0}
    - target: {fileID: 5939077471086660373, guid: 3d516f5e5509b0e419cd14d442784b4f,
        type: 3}
      propertyPath: m_LocalRotation.w
      value: 1
      objectReference: {fileID: 0}
    - target: {fileID: 5939077471086660373, guid: 3d516f5e5509b0e419cd14d442784b4f,
        type: 3}
      propertyPath: m_LocalRotation.x
      value: 0
      objectReference: {fileID: 0}
    - target: {fileID: 5939077471086660373, guid: 3d516f5e5509b0e419cd14d442784b4f,
        type: 3}
      propertyPath: m_LocalRotation.y
      value: 0
      objectReference: {fileID: 0}
    - target: {fileID: 5939077471086660373, guid: 3d516f5e5509b0e419cd14d442784b4f,
        type: 3}
      propertyPath: m_LocalRotation.z
      value: 0
      objectReference: {fileID: 0}
    - target: {fileID: 5939077471086660373, guid: 3d516f5e5509b0e419cd14d442784b4f,
        type: 3}
      propertyPath: m_LocalEulerAnglesHint.x
      value: 0
      objectReference: {fileID: 0}
    - target: {fileID: 5939077471086660373, guid: 3d516f5e5509b0e419cd14d442784b4f,
        type: 3}
      propertyPath: m_LocalEulerAnglesHint.y
      value: 0
      objectReference: {fileID: 0}
    - target: {fileID: 5939077471086660373, guid: 3d516f5e5509b0e419cd14d442784b4f,
        type: 3}
      propertyPath: m_LocalEulerAnglesHint.z
      value: 0
      objectReference: {fileID: 0}
    - target: {fileID: 5939077471086660375, guid: 3d516f5e5509b0e419cd14d442784b4f,
        type: 3}
      propertyPath: m_Name
      value: GameEngine_AllCards
      objectReference: {fileID: 0}
    m_RemovedComponents:
    - {fileID: 5939077471086660374, guid: 3d516f5e5509b0e419cd14d442784b4f, type: 3}
  m_SourcePrefab: {fileID: 100100000, guid: 3d516f5e5509b0e419cd14d442784b4f, type: 3}
--- !u!114 &1549065023189241130 stripped
MonoBehaviour:
  m_CorrespondingSourceObject: {fileID: 8931866476462383560, guid: 3d516f5e5509b0e419cd14d442784b4f,
    type: 3}
  m_PrefabInstance: {fileID: 7965529990977547490}
  m_PrefabAsset: {fileID: 0}
  m_GameObject: {fileID: 0}
  m_Enabled: 1
  m_EditorHideFlags: 0
  m_Script: {fileID: 11500000, guid: 7fdccbcb58d66a74d82f2893a74e40cb, type: 3}
  m_Name: 
  m_EditorClassIdentifier: 
--- !u!114 &2499410360048708619 stripped
MonoBehaviour:
  m_CorrespondingSourceObject: {fileID: 5486667648899842281, guid: 3d516f5e5509b0e419cd14d442784b4f,
    type: 3}
  m_PrefabInstance: {fileID: 7965529990977547490}
  m_PrefabAsset: {fileID: 0}
  m_GameObject: {fileID: 0}
  m_Enabled: 1
  m_EditorHideFlags: 0
  m_Script: {fileID: 11500000, guid: 73e49b992a1bff14bae97a659fe59b7b, type: 3}
  m_Name: 
  m_EditorClassIdentifier: 
--- !u!114 &2605589960946617355 stripped
MonoBehaviour:
  m_CorrespondingSourceObject: {fileID: 5378376650669154537, guid: 3d516f5e5509b0e419cd14d442784b4f,
    type: 3}
  m_PrefabInstance: {fileID: 7965529990977547490}
  m_PrefabAsset: {fileID: 0}
  m_GameObject: {fileID: 0}
  m_Enabled: 1
  m_EditorHideFlags: 0
  m_Script: {fileID: 11500000, guid: 0a9ad85256f4e364e97035d748faff73, type: 3}
  m_Name: 
  m_EditorClassIdentifier: 
--- !u!114 &2669656790615998237 stripped
MonoBehaviour:
  m_CorrespondingSourceObject: {fileID: 5442523073050825727, guid: 3d516f5e5509b0e419cd14d442784b4f,
    type: 3}
  m_PrefabInstance: {fileID: 7965529990977547490}
  m_PrefabAsset: {fileID: 0}
  m_GameObject: {fileID: 0}
  m_Enabled: 1
  m_EditorHideFlags: 0
  m_Script: {fileID: 11500000, guid: c172f951553790d4abf4cf2ad44fb5e4, type: 3}
  m_Name: 
  m_EditorClassIdentifier: 
--- !u!114 &3052298008562603204 stripped
MonoBehaviour:
  m_CorrespondingSourceObject: {fileID: 4958691403408242726, guid: 3d516f5e5509b0e419cd14d442784b4f,
    type: 3}
  m_PrefabInstance: {fileID: 7965529990977547490}
  m_PrefabAsset: {fileID: 0}
  m_GameObject: {fileID: 0}
  m_Enabled: 1
  m_EditorHideFlags: 0
  m_Script: {fileID: 11500000, guid: 0520255cc1adb5b4f8d31da59378b469, type: 3}
  m_Name: 
  m_EditorClassIdentifier: 
--- !u!114 &4386761315024609490 stripped
MonoBehaviour:
  m_CorrespondingSourceObject: {fileID: 5939077471387798576, guid: 3d516f5e5509b0e419cd14d442784b4f,
    type: 3}
  m_PrefabInstance: {fileID: 7965529990977547490}
  m_PrefabAsset: {fileID: 0}
  m_GameObject: {fileID: 0}
  m_Enabled: 1
  m_EditorHideFlags: 0
  m_Script: {fileID: 11500000, guid: 07c034027b545d64da8b2729818fe909, type: 3}
  m_Name: 
  m_EditorClassIdentifier: 
--- !u!1 &4386761315323652085 stripped
GameObject:
  m_CorrespondingSourceObject: {fileID: 5939077471086660375, guid: 3d516f5e5509b0e419cd14d442784b4f,
    type: 3}
  m_PrefabInstance: {fileID: 7965529990977547490}
  m_PrefabAsset: {fileID: 0}
--- !u!114 &2045426682
MonoBehaviour:
  m_ObjectHideFlags: 0
  m_CorrespondingSourceObject: {fileID: 0}
  m_PrefabInstance: {fileID: 0}
  m_PrefabAsset: {fileID: 0}
  m_GameObject: {fileID: 4386761315323652085}
  m_Enabled: 1
  m_EditorHideFlags: 0
  m_Script: {fileID: 11500000, guid: 18db8bf6c46db0d4c9e612a23276e8d1, type: 3}
  m_Name: 
  m_EditorClassIdentifier: 
  pool: {fileID: 2669656790615998237}
  deck: {fileID: 4386761315024609490}
  discard: {fileID: 4386761315960270557}
  river: {fileID: 2605589960946617355}
  startNbCardsInRiver: 3
  temporaryZone: {fileID: 8827085597290609254}
  riverFiller: {fileID: 1549065023189241130}
  deckFiller: {fileID: 3052298008562603204}
  phaseManager: {fileID: 9035666837410353214}
  turnSequencer: {fileID: 4588545495143639804}
  actionManager: {fileID: 6500945148997503471}
  endGameChecker: {fileID: 2499410360048708619}
  player1: {fileID: 4386761315565418450}
  player2: {fileID: 6466356879942378024}
  startNbCardsInHands: 1
  playerManager: {fileID: 4473048301879572967}
--- !u!4 &4386761315323652087 stripped
Transform:
  m_CorrespondingSourceObject: {fileID: 5939077471086660373, guid: 3d516f5e5509b0e419cd14d442784b4f,
    type: 3}
  m_PrefabInstance: {fileID: 7965529990977547490}
  m_PrefabAsset: {fileID: 0}
--- !u!114 &4386761315565418450 stripped
MonoBehaviour:
  m_CorrespondingSourceObject: {fileID: 5939077471920741168, guid: 3d516f5e5509b0e419cd14d442784b4f,
    type: 3}
  m_PrefabInstance: {fileID: 7965529990977547490}
  m_PrefabAsset: {fileID: 0}
  m_GameObject: {fileID: 0}
  m_Enabled: 1
  m_EditorHideFlags: 0
  m_Script: {fileID: 11500000, guid: e92985fedeff1d54eb13129ddf60aa22, type: 3}
  m_Name: 
  m_EditorClassIdentifier: 
--- !u!114 &4386761315960270557 stripped
MonoBehaviour:
  m_CorrespondingSourceObject: {fileID: 5939077470183703103, guid: 3d516f5e5509b0e419cd14d442784b4f,
    type: 3}
  m_PrefabInstance: {fileID: 7965529990977547490}
  m_PrefabAsset: {fileID: 0}
  m_GameObject: {fileID: 0}
  m_Enabled: 1
  m_EditorHideFlags: 0
  m_Script: {fileID: 11500000, guid: 07c034027b545d64da8b2729818fe909, type: 3}
  m_Name: 
  m_EditorClassIdentifier: 
--- !u!114 &4473048301879572967 stripped
MonoBehaviour:
  m_CorrespondingSourceObject: {fileID: 5807474088097993989, guid: 3d516f5e5509b0e419cd14d442784b4f,
    type: 3}
  m_PrefabInstance: {fileID: 7965529990977547490}
  m_PrefabAsset: {fileID: 0}
  m_GameObject: {fileID: 0}
  m_Enabled: 1
  m_EditorHideFlags: 0
  m_Script: {fileID: 11500000, guid: b4e1d6749a042a14b9d69c1247fe0ee6, type: 3}
  m_Name: 
  m_EditorClassIdentifier: 
--- !u!114 &4588545495143639804 stripped
MonoBehaviour:
  m_CorrespondingSourceObject: {fileID: 5847632212013254174, guid: 3d516f5e5509b0e419cd14d442784b4f,
    type: 3}
  m_PrefabInstance: {fileID: 7965529990977547490}
  m_PrefabAsset: {fileID: 0}
  m_GameObject: {fileID: 0}
  m_Enabled: 1
  m_EditorHideFlags: 0
  m_Script: {fileID: 11500000, guid: 94a1b11caf522dc4db7b3da1d34a31c6, type: 3}
  m_Name: 
  m_EditorClassIdentifier: 
--- !u!114 &6466356879942378024 stripped
MonoBehaviour:
  m_CorrespondingSourceObject: {fileID: 3978404706978467530, guid: 3d516f5e5509b0e419cd14d442784b4f,
    type: 3}
  m_PrefabInstance: {fileID: 7965529990977547490}
  m_PrefabAsset: {fileID: 0}
  m_GameObject: {fileID: 0}
  m_Enabled: 1
  m_EditorHideFlags: 0
  m_Script: {fileID: 11500000, guid: e92985fedeff1d54eb13129ddf60aa22, type: 3}
  m_Name: 
  m_EditorClassIdentifier: 
--- !u!114 &6500945148997503471 stripped
MonoBehaviour:
  m_CorrespondingSourceObject: {fileID: 3800123814497772813, guid: 3d516f5e5509b0e419cd14d442784b4f,
    type: 3}
  m_PrefabInstance: {fileID: 7965529990977547490}
  m_PrefabAsset: {fileID: 0}
  m_GameObject: {fileID: 0}
  m_Enabled: 1
  m_EditorHideFlags: 0
  m_Script: {fileID: 11500000, guid: 2f3c6ac7d4a404843852aa1a23c6b8ea, type: 3}
  m_Name: 
  m_EditorClassIdentifier: 
--- !u!114 &8827085597290609254 stripped
MonoBehaviour:
  m_CorrespondingSourceObject: {fileID: 1444288546437781124, guid: 3d516f5e5509b0e419cd14d442784b4f,
    type: 3}
  m_PrefabInstance: {fileID: 7965529990977547490}
  m_PrefabAsset: {fileID: 0}
  m_GameObject: {fileID: 0}
  m_Enabled: 1
  m_EditorHideFlags: 0
  m_Script: {fileID: 11500000, guid: 0a9ad85256f4e364e97035d748faff73, type: 3}
  m_Name: 
  m_EditorClassIdentifier: 
--- !u!114 &9035666837410353214 stripped
MonoBehaviour:
  m_CorrespondingSourceObject: {fileID: 1436116458138565852, guid: 3d516f5e5509b0e419cd14d442784b4f,
    type: 3}
  m_PrefabInstance: {fileID: 7965529990977547490}
  m_PrefabAsset: {fileID: 0}
  m_GameObject: {fileID: 0}
  m_Enabled: 1
  m_EditorHideFlags: 0
  m_Script: {fileID: 11500000, guid: f82d79a98284fe141b9af26ebfb639a0, type: 3}
  m_Name: 
  m_EditorClassIdentifier: 
