%YAML 1.1
%TAG !u! tag:unity3d.com,2011:
--- !u!1 &2522083513514339892
GameObject:
  m_ObjectHideFlags: 0
  m_CorrespondingSourceObject: {fileID: 0}
  m_PrefabInstance: {fileID: 0}
  m_PrefabAsset: {fileID: 0}
  serializedVersion: 6
  m_Component:
  - component: {fileID: 5711365111151829180}
  - component: {fileID: 9081659834515638036}
  - component: {fileID: 62527290306024370}
  m_Layer: 0
  m_Name: Damages
  m_TagString: Untagged
  m_Icon: {fileID: 0}
  m_NavMeshLayer: 0
  m_StaticEditorFlags: 0
  m_IsActive: 1
--- !u!4 &5711365111151829180
Transform:
  m_ObjectHideFlags: 0
  m_CorrespondingSourceObject: {fileID: 0}
  m_PrefabInstance: {fileID: 0}
  m_PrefabAsset: {fileID: 0}
  m_GameObject: {fileID: 2522083513514339892}
  m_LocalRotation: {x: 0, y: 0, z: 0, w: 1}
  m_LocalPosition: {x: 0, y: 0, z: 0}
  m_LocalScale: {x: 1, y: 1, z: 1}
  m_ConstrainProportionsScale: 0
  m_Children: []
  m_Father: {fileID: 508029162967619565}
  m_RootOrder: 0
  m_LocalEulerAnglesHint: {x: 0, y: 0, z: 0}
--- !u!114 &9081659834515638036
MonoBehaviour:
  m_ObjectHideFlags: 0
  m_CorrespondingSourceObject: {fileID: 0}
  m_PrefabInstance: {fileID: 0}
  m_PrefabAsset: {fileID: 0}
  m_GameObject: {fileID: 2522083513514339892}
  m_Enabled: 1
  m_EditorHideFlags: 0
  m_Script: {fileID: 11500000, guid: 0ea284412bfb24649a9f035644ce9345, type: 3}
  m_Name: 
  m_EditorClassIdentifier: 
  subEffect: {fileID: 62527290306024370}
--- !u!114 &62527290306024370
MonoBehaviour:
  m_ObjectHideFlags: 0
  m_CorrespondingSourceObject: {fileID: 0}
  m_PrefabInstance: {fileID: 0}
  m_PrefabAsset: {fileID: 0}
  m_GameObject: {fileID: 2522083513514339892}
  m_Enabled: 1
  m_EditorHideFlags: 0
  m_Script: {fileID: 11500000, guid: c7aa6b7a1f9e92e4a9d8da290a952fed, type: 3}
  m_Name: 
  m_EditorClassIdentifier: 
  quantity: 1
  target: 1
--- !u!1001 &2558267596697062968
PrefabInstance:
  m_ObjectHideFlags: 0
  serializedVersion: 2
  m_Modification:
    m_TransformParent: {fileID: 0}
    m_Modifications:
    - target: {fileID: 29661977046572059, guid: 7100423288ef637479e17e31ed2b6fc4,
        type: 3}
      propertyPath: m_AnchorMax.y
      value: 0
      objectReference: {fileID: 0}
    - target: {fileID: 29661977046572059, guid: 7100423288ef637479e17e31ed2b6fc4,
        type: 3}
      propertyPath: m_AnchorMin.y
      value: 0
      objectReference: {fileID: 0}
    - target: {fileID: 29661977046572059, guid: 7100423288ef637479e17e31ed2b6fc4,
        type: 3}
      propertyPath: m_SizeDelta.x
      value: 0
      objectReference: {fileID: 0}
    - target: {fileID: 29661977046572059, guid: 7100423288ef637479e17e31ed2b6fc4,
        type: 3}
      propertyPath: m_SizeDelta.y
      value: 0
      objectReference: {fileID: 0}
    - target: {fileID: 29661977046572059, guid: 7100423288ef637479e17e31ed2b6fc4,
        type: 3}
      propertyPath: m_AnchoredPosition.x
      value: 0
      objectReference: {fileID: 0}
    - target: {fileID: 29661977046572059, guid: 7100423288ef637479e17e31ed2b6fc4,
        type: 3}
      propertyPath: m_AnchoredPosition.y
      value: 0
      objectReference: {fileID: 0}
    - target: {fileID: 958291773827653672, guid: 7100423288ef637479e17e31ed2b6fc4,
        type: 3}
      propertyPath: m_fontSize
      value: 36
      objectReference: {fileID: 0}
    - target: {fileID: 958291774000070348, guid: 7100423288ef637479e17e31ed2b6fc4,
        type: 3}
      propertyPath: color
      value: 0
      objectReference: {fileID: 0}
    - target: {fileID: 958291774000070348, guid: 7100423288ef637479e17e31ed2b6fc4,
        type: 3}
      propertyPath: effects.Array.size
      value: 1
      objectReference: {fileID: 0}
    - target: {fileID: 958291774000070348, guid: 7100423288ef637479e17e31ed2b6fc4,
        type: 3}
      propertyPath: effects.Array.data[0]
      value: 
      objectReference: {fileID: 9081659834515638036}
    - target: {fileID: 958291774000070349, guid: 7100423288ef637479e17e31ed2b6fc4,
        type: 3}
      propertyPath: name
      value: Boule de Feu
      objectReference: {fileID: 0}
    - target: {fileID: 958291774000070349, guid: 7100423288ef637479e17e31ed2b6fc4,
        type: 3}
      propertyPath: effectType
      value: 0
      objectReference: {fileID: 0}
    - target: {fileID: 958291774000070354, guid: 7100423288ef637479e17e31ed2b6fc4,
        type: 3}
      propertyPath: m_RootOrder
      value: 0
      objectReference: {fileID: 0}
    - target: {fileID: 958291774000070354, guid: 7100423288ef637479e17e31ed2b6fc4,
        type: 3}
      propertyPath: m_LocalPosition.x
      value: 0
      objectReference: {fileID: 0}
    - target: {fileID: 958291774000070354, guid: 7100423288ef637479e17e31ed2b6fc4,
        type: 3}
      propertyPath: m_LocalPosition.y
      value: 0
      objectReference: {fileID: 0}
    - target: {fileID: 958291774000070354, guid: 7100423288ef637479e17e31ed2b6fc4,
        type: 3}
      propertyPath: m_LocalPosition.z
      value: 0
      objectReference: {fileID: 0}
    - target: {fileID: 958291774000070354, guid: 7100423288ef637479e17e31ed2b6fc4,
        type: 3}
      propertyPath: m_LocalRotation.w
      value: 1
      objectReference: {fileID: 0}
    - target: {fileID: 958291774000070354, guid: 7100423288ef637479e17e31ed2b6fc4,
        type: 3}
      propertyPath: m_LocalRotation.x
      value: 0
      objectReference: {fileID: 0}
    - target: {fileID: 958291774000070354, guid: 7100423288ef637479e17e31ed2b6fc4,
        type: 3}
      propertyPath: m_LocalRotation.y
      value: 0
      objectReference: {fileID: 0}
    - target: {fileID: 958291774000070354, guid: 7100423288ef637479e17e31ed2b6fc4,
        type: 3}
      propertyPath: m_LocalRotation.z
      value: 0
      objectReference: {fileID: 0}
    - target: {fileID: 958291774000070354, guid: 7100423288ef637479e17e31ed2b6fc4,
        type: 3}
      propertyPath: m_LocalEulerAnglesHint.x
      value: 0
      objectReference: {fileID: 0}
    - target: {fileID: 958291774000070354, guid: 7100423288ef637479e17e31ed2b6fc4,
        type: 3}
      propertyPath: m_LocalEulerAnglesHint.y
      value: 0
      objectReference: {fileID: 0}
    - target: {fileID: 958291774000070354, guid: 7100423288ef637479e17e31ed2b6fc4,
        type: 3}
      propertyPath: m_LocalEulerAnglesHint.z
      value: 0
      objectReference: {fileID: 0}
    - target: {fileID: 958291774000070355, guid: 7100423288ef637479e17e31ed2b6fc4,
        type: 3}
      propertyPath: m_Name
      value: BouleDeFeu
      objectReference: {fileID: 0}
    - target: {fileID: 958291775018053740, guid: 7100423288ef637479e17e31ed2b6fc4,
        type: 3}
      propertyPath: m_AnchorMax.y
      value: 0
      objectReference: {fileID: 0}
    - target: {fileID: 958291775018053740, guid: 7100423288ef637479e17e31ed2b6fc4,
        type: 3}
      propertyPath: m_AnchorMin.y
      value: 0
      objectReference: {fileID: 0}
    - target: {fileID: 958291775018053740, guid: 7100423288ef637479e17e31ed2b6fc4,
        type: 3}
      propertyPath: m_SizeDelta.x
      value: 0
      objectReference: {fileID: 0}
    - target: {fileID: 958291775018053740, guid: 7100423288ef637479e17e31ed2b6fc4,
        type: 3}
      propertyPath: m_SizeDelta.y
      value: 0
      objectReference: {fileID: 0}
    - target: {fileID: 958291775018053740, guid: 7100423288ef637479e17e31ed2b6fc4,
        type: 3}
      propertyPath: m_AnchoredPosition.x
      value: 0
      objectReference: {fileID: 0}
    - target: {fileID: 958291775018053740, guid: 7100423288ef637479e17e31ed2b6fc4,
        type: 3}
      propertyPath: m_AnchoredPosition.y
      value: 0
      objectReference: {fileID: 0}
    - target: {fileID: 958291775642709241, guid: 7100423288ef637479e17e31ed2b6fc4,
        type: 3}
      propertyPath: m_AnchorMax.y
      value: 0
      objectReference: {fileID: 0}
    - target: {fileID: 958291775642709241, guid: 7100423288ef637479e17e31ed2b6fc4,
        type: 3}
      propertyPath: m_AnchorMin.y
      value: 0
      objectReference: {fileID: 0}
    - target: {fileID: 958291775642709241, guid: 7100423288ef637479e17e31ed2b6fc4,
        type: 3}
      propertyPath: m_SizeDelta.x
      value: 0
      objectReference: {fileID: 0}
    - target: {fileID: 958291775642709241, guid: 7100423288ef637479e17e31ed2b6fc4,
        type: 3}
      propertyPath: m_SizeDelta.y
      value: 0
      objectReference: {fileID: 0}
    - target: {fileID: 958291775642709241, guid: 7100423288ef637479e17e31ed2b6fc4,
        type: 3}
      propertyPath: m_AnchoredPosition.x
      value: 0
      objectReference: {fileID: 0}
    - target: {fileID: 958291775642709241, guid: 7100423288ef637479e17e31ed2b6fc4,
        type: 3}
      propertyPath: m_AnchoredPosition.y
      value: 0
      objectReference: {fileID: 0}
    - target: {fileID: 958291775797632011, guid: 7100423288ef637479e17e31ed2b6fc4,
        type: 3}
      propertyPath: m_AnchorMax.y
      value: 0
      objectReference: {fileID: 0}
    - target: {fileID: 958291775797632011, guid: 7100423288ef637479e17e31ed2b6fc4,
        type: 3}
      propertyPath: m_AnchorMin.y
      value: 0
      objectReference: {fileID: 0}
    - target: {fileID: 958291775797632011, guid: 7100423288ef637479e17e31ed2b6fc4,
        type: 3}
      propertyPath: m_SizeDelta.x
      value: 0
      objectReference: {fileID: 0}
    - target: {fileID: 958291775797632011, guid: 7100423288ef637479e17e31ed2b6fc4,
        type: 3}
      propertyPath: m_SizeDelta.y
      value: 0
      objectReference: {fileID: 0}
    - target: {fileID: 958291775797632011, guid: 7100423288ef637479e17e31ed2b6fc4,
        type: 3}
      propertyPath: m_AnchoredPosition.x
      value: 0
      objectReference: {fileID: 0}
    - target: {fileID: 958291775797632011, guid: 7100423288ef637479e17e31ed2b6fc4,
        type: 3}
      propertyPath: m_AnchoredPosition.y
      value: 0
      objectReference: {fileID: 0}
    - target: {fileID: 3101342029344213039, guid: 7100423288ef637479e17e31ed2b6fc4,
        type: 3}
      propertyPath: m_AnchorMax.y
      value: 0
      objectReference: {fileID: 0}
    - target: {fileID: 3101342029344213039, guid: 7100423288ef637479e17e31ed2b6fc4,
        type: 3}
      propertyPath: m_AnchorMin.y
      value: 0
      objectReference: {fileID: 0}
    - target: {fileID: 3101342029344213039, guid: 7100423288ef637479e17e31ed2b6fc4,
        type: 3}
      propertyPath: m_SizeDelta.x
      value: 0
      objectReference: {fileID: 0}
    - target: {fileID: 3101342029344213039, guid: 7100423288ef637479e17e31ed2b6fc4,
        type: 3}
      propertyPath: m_SizeDelta.y
      value: 0
      objectReference: {fileID: 0}
    - target: {fileID: 3101342029344213039, guid: 7100423288ef637479e17e31ed2b6fc4,
        type: 3}
      propertyPath: m_AnchoredPosition.x
      value: 0
      objectReference: {fileID: 0}
    - target: {fileID: 3101342029344213039, guid: 7100423288ef637479e17e31ed2b6fc4,
        type: 3}
      propertyPath: m_AnchoredPosition.y
      value: 0
      objectReference: {fileID: 0}
    - target: {fileID: 3984161722097273588, guid: 7100423288ef637479e17e31ed2b6fc4,
        type: 3}
      propertyPath: m_AnchorMax.y
      value: 0
      objectReference: {fileID: 0}
    - target: {fileID: 3984161722097273588, guid: 7100423288ef637479e17e31ed2b6fc4,
        type: 3}
      propertyPath: m_AnchorMin.y
      value: 0
      objectReference: {fileID: 0}
    - target: {fileID: 3984161722097273588, guid: 7100423288ef637479e17e31ed2b6fc4,
        type: 3}
      propertyPath: m_SizeDelta.x
      value: 0
      objectReference: {fileID: 0}
    - target: {fileID: 3984161722097273588, guid: 7100423288ef637479e17e31ed2b6fc4,
        type: 3}
      propertyPath: m_SizeDelta.y
      value: 0
      objectReference: {fileID: 0}
    - target: {fileID: 3984161722097273588, guid: 7100423288ef637479e17e31ed2b6fc4,
        type: 3}
      propertyPath: m_AnchoredPosition.x
      value: 0
      objectReference: {fileID: 0}
    - target: {fileID: 3984161722097273588, guid: 7100423288ef637479e17e31ed2b6fc4,
        type: 3}
      propertyPath: m_AnchoredPosition.y
      value: 0
      objectReference: {fileID: 0}
    - target: {fileID: 5292994816507919900, guid: 7100423288ef637479e17e31ed2b6fc4,
        type: 3}
      propertyPath: m_AnchorMax.y
      value: 0
      objectReference: {fileID: 0}
    - target: {fileID: 5292994816507919900, guid: 7100423288ef637479e17e31ed2b6fc4,
        type: 3}
      propertyPath: m_AnchorMin.y
      value: 0
      objectReference: {fileID: 0}
    - target: {fileID: 5292994816507919900, guid: 7100423288ef637479e17e31ed2b6fc4,
        type: 3}
      propertyPath: m_SizeDelta.x
      value: 0
      objectReference: {fileID: 0}
    - target: {fileID: 5292994816507919900, guid: 7100423288ef637479e17e31ed2b6fc4,
        type: 3}
      propertyPath: m_SizeDelta.y
      value: 0
      objectReference: {fileID: 0}
    - target: {fileID: 5292994816507919900, guid: 7100423288ef637479e17e31ed2b6fc4,
        type: 3}
      propertyPath: m_AnchoredPosition.x
      value: 0
      objectReference: {fileID: 0}
    - target: {fileID: 5292994816507919900, guid: 7100423288ef637479e17e31ed2b6fc4,
        type: 3}
      propertyPath: m_AnchoredPosition.y
      value: 0
      objectReference: {fileID: 0}
    m_RemovedComponents: []
  m_SourcePrefab: {fileID: 100100000, guid: 7100423288ef637479e17e31ed2b6fc4, type: 3}
--- !u!4 &508029162967619565 stripped
Transform:
  m_CorrespondingSourceObject: {fileID: 2633527187675552213, guid: 7100423288ef637479e17e31ed2b6fc4,
    type: 3}
  m_PrefabInstance: {fileID: 2558267596697062968}
  m_PrefabAsset: {fileID: 0}
