%YAML 1.1
%TAG !u! tag:unity3d.com,2011:
--- !u!1 &7304264094972107713
GameObject:
  m_ObjectHideFlags: 0
  m_CorrespondingSourceObject: {fileID: 0}
  m_PrefabInstance: {fileID: 0}
  m_PrefabAsset: {fileID: 0}
  serializedVersion: 6
  m_Component:
  - component: {fileID: 7304264094972107714}
  - component: {fileID: 461469932325164475}
  m_Layer: 0
  m_Name: Hand
  m_TagString: Untagged
  m_Icon: {fileID: 0}
  m_NavMeshLayer: 0
  m_StaticEditorFlags: 0
  m_IsActive: 1
--- !u!4 &7304264094972107714
Transform:
  m_ObjectHideFlags: 0
  m_CorrespondingSourceObject: {fileID: 0}
  m_PrefabInstance: {fileID: 0}
  m_PrefabAsset: {fileID: 0}
  m_GameObject: {fileID: 7304264094972107713}
  m_LocalRotation: {x: 0, y: 0, z: 0, w: 1}
  m_LocalPosition: {x: 0, y: 0, z: 0}
  m_LocalScale: {x: 1, y: 1, z: 1}
  m_ConstrainProportionsScale: 0
  m_Children: []
  m_Father: {fileID: 7304264095926353854}
  m_RootOrder: 0
  m_LocalEulerAnglesHint: {x: 0, y: 0, z: 0}
--- !u!114 &461469932325164475
MonoBehaviour:
  m_ObjectHideFlags: 0
  m_CorrespondingSourceObject: {fileID: 0}
  m_PrefabInstance: {fileID: 0}
  m_PrefabAsset: {fileID: 0}
  m_GameObject: {fileID: 7304264094972107713}
  m_Enabled: 1
  m_EditorHideFlags: 0
  m_Script: {fileID: 11500000, guid: 0a9ad85256f4e364e97035d748faff73, type: 3}
  m_Name: 
  m_EditorClassIdentifier: 
  insertFirst: 0
  onAddCard:
    m_PersistentCalls:
      m_Calls: []
  onRemoveCard:
    m_PersistentCalls:
      m_Calls: []
--- !u!1 &7304264095926353853
GameObject:
  m_ObjectHideFlags: 0
  m_CorrespondingSourceObject: {fileID: 0}
  m_PrefabInstance: {fileID: 0}
  m_PrefabAsset: {fileID: 0}
  serializedVersion: 6
  m_Component:
  - component: {fileID: 7304264095926353854}
  - component: {fileID: 7304264095926353855}
  - component: {fileID: 7304264095926353840}
  - component: {fileID: 7304264095926353841}
  m_Layer: 0
  m_Name: Player
  m_TagString: Untagged
  m_Icon: {fileID: 0}
  m_NavMeshLayer: 0
  m_StaticEditorFlags: 0
  m_IsActive: 1
--- !u!4 &7304264095926353854
Transform:
  m_ObjectHideFlags: 0
  m_CorrespondingSourceObject: {fileID: 0}
  m_PrefabInstance: {fileID: 0}
  m_PrefabAsset: {fileID: 0}
  m_GameObject: {fileID: 7304264095926353853}
  m_LocalRotation: {x: 0, y: 0, z: 0, w: 1}
  m_LocalPosition: {x: 0, y: 0, z: 0}
  m_LocalScale: {x: 1, y: 1, z: 1}
  m_ConstrainProportionsScale: 0
  m_Children:
  - {fileID: 7304264094972107714}
  m_Father: {fileID: 0}
  m_RootOrder: 0
  m_LocalEulerAnglesHint: {x: 0, y: 0, z: 0}
--- !u!114 &7304264095926353855
MonoBehaviour:
  m_ObjectHideFlags: 0
  m_CorrespondingSourceObject: {fileID: 0}
  m_PrefabInstance: {fileID: 0}
  m_PrefabAsset: {fileID: 0}
  m_GameObject: {fileID: 7304264095926353853}
  m_Enabled: 1
  m_EditorHideFlags: 0
  m_Script: {fileID: 11500000, guid: e92985fedeff1d54eb13129ddf60aa22, type: 3}
  m_Name: 
  m_EditorClassIdentifier: 
  health: {fileID: 7304264095926353840}
  power: {fileID: 7304264095926353841}
  hand: {fileID: 461469932325164475}
  onDamage:
    m_PersistentCalls:
      m_Calls: []
  onHeal:
    m_PersistentCalls:
      m_Calls: []
  onLifeChange:
    m_PersistentCalls:
      m_Calls: []
  onGainPower:
    m_PersistentCalls:
      m_Calls: []
  onLosePower:
    m_PersistentCalls:
      m_Calls: []
  onChangePower:
    m_PersistentCalls:
      m_Calls: []
  onStartTurn:
    m_PersistentCalls:
      m_Calls: []
  onEndTurn:
    m_PersistentCalls:
      m_Calls: []
--- !u!114 &7304264095926353840
MonoBehaviour:
  m_ObjectHideFlags: 0
  m_CorrespondingSourceObject: {fileID: 0}
  m_PrefabInstance: {fileID: 0}
  m_PrefabAsset: {fileID: 0}
  m_GameObject: {fileID: 7304264095926353853}
  m_Enabled: 1
  m_EditorHideFlags: 0
  m_Script: {fileID: 11500000, guid: 86aee3623153d6a44830c4d6d6602641, type: 3}
  m_Name: 
  m_EditorClassIdentifier: 
  startValue: 10
  hasMinValue: 1
  minValue: 0
  hasMaxValue: 1
  maxValue: 10
  onIncrease:
    m_PersistentCalls:
      m_Calls: []
  onDecrease:
    m_PersistentCalls:
      m_Calls: []
  onChange:
    m_PersistentCalls:
      m_Calls: []
  onIncreaseOverflow:
    m_PersistentCalls:
      m_Calls: []
--- !u!114 &7304264095926353841
MonoBehaviour:
  m_ObjectHideFlags: 0
  m_CorrespondingSourceObject: {fileID: 0}
  m_PrefabInstance: {fileID: 0}
  m_PrefabAsset: {fileID: 0}
  m_GameObject: {fileID: 7304264095926353853}
  m_Enabled: 1
  m_EditorHideFlags: 0
  m_Script: {fileID: 11500000, guid: 86aee3623153d6a44830c4d6d6602641, type: 3}
  m_Name: 
  m_EditorClassIdentifier: 
  startValue: 0
  hasMinValue: 1
  minValue: 0
  hasMaxValue: 1
  maxValue: 15
  onIncrease:
    m_PersistentCalls:
      m_Calls: []
  onDecrease:
    m_PersistentCalls:
      m_Calls: []
  onChange:
    m_PersistentCalls:
      m_Calls: []
  onIncreaseOverflow:
    m_PersistentCalls:
      m_Calls: []
