%YAML 1.1
%TAG !u! tag:unity3d.com,2011:
--- !u!1 &4080319039033479300
GameObject:
  m_ObjectHideFlags: 0
  m_CorrespondingSourceObject: {fileID: 0}
  m_PrefabInstance: {fileID: 0}
  m_PrefabAsset: {fileID: 0}
  serializedVersion: 6
  m_Component:
  - component: {fileID: 1568001419784563067}
  - component: {fileID: 937539102770686889}
  - component: {fileID: 8726059781271680824}
  - component: {fileID: 6514238431769483883}
  - component: {fileID: 3586274077283626465}
  - component: {fileID: 939454090249158840}
  - component: {fileID: 5018736932409388004}
  - component: {fileID: 885365729823060289}
  - component: {fileID: 5381739125998219138}
  m_Layer: 0
  m_Name: ReplaceWithDamage
  m_TagString: Untagged
  m_Icon: {fileID: 0}
  m_NavMeshLayer: 0
  m_StaticEditorFlags: 0
  m_IsActive: 1
--- !u!4 &1568001419784563067
Transform:
  m_ObjectHideFlags: 0
  m_CorrespondingSourceObject: {fileID: 0}
  m_PrefabInstance: {fileID: 0}
  m_PrefabAsset: {fileID: 0}
  m_GameObject: {fileID: 4080319039033479300}
  m_LocalRotation: {x: 0, y: 0, z: 0, w: 1}
  m_LocalPosition: {x: 0, y: 0, z: 0}
  m_LocalScale: {x: 1, y: 1, z: 1}
  m_ConstrainProportionsScale: 0
  m_Children: []
  m_Father: {fileID: 508029162967619565}
  m_RootOrder: 0
  m_LocalEulerAnglesHint: {x: 0, y: 0, z: 0}
--- !u!114 &937539102770686889
MonoBehaviour:
  m_ObjectHideFlags: 0
  m_CorrespondingSourceObject: {fileID: 0}
  m_PrefabInstance: {fileID: 0}
  m_PrefabAsset: {fileID: 0}
  m_GameObject: {fileID: 4080319039033479300}
  m_Enabled: 1
  m_EditorHideFlags: 0
  m_Script: {fileID: 11500000, guid: f4eb88067b8027045846378646571ad1, type: 3}
  m_Name: 
  m_EditorClassIdentifier: 
  subEffect: {fileID: 8726059781271680824}
--- !u!114 &8726059781271680824
MonoBehaviour:
  m_ObjectHideFlags: 0
  m_CorrespondingSourceObject: {fileID: 0}
  m_PrefabInstance: {fileID: 0}
  m_PrefabAsset: {fileID: 0}
  m_GameObject: {fileID: 4080319039033479300}
  m_Enabled: 1
  m_EditorHideFlags: 0
  m_Script: {fileID: 11500000, guid: d93c5a3dae429854997ff9408cb02b88, type: 3}
  m_Name: 
  m_EditorClassIdentifier: 
  subEffect: {fileID: 3586274077283626465}
  zones: 0100000002000000
  canAutoSelect: 0
  cardAction: {fileID: 6514238431769483883}
--- !u!114 &6514238431769483883
MonoBehaviour:
  m_ObjectHideFlags: 0
  m_CorrespondingSourceObject: {fileID: 0}
  m_PrefabInstance: {fileID: 0}
  m_PrefabAsset: {fileID: 0}
  m_GameObject: {fileID: 4080319039033479300}
  m_Enabled: 1
  m_EditorHideFlags: 0
  m_Script: {fileID: 11500000, guid: ac17c846993bbf547b8c5f7fc9a842c8, type: 3}
  m_Name: 
  m_EditorClassIdentifier: 
  onPerform:
    m_PersistentCalls:
      m_Calls: []
  onEnable:
    m_PersistentCalls:
      m_Calls: []
  onDisable:
    m_PersistentCalls:
      m_Calls: []
  canSelectAnyCard: 0
  sourceCardZone: {fileID: 0}
--- !u!114 &3586274077283626465
MonoBehaviour:
  m_ObjectHideFlags: 0
  m_CorrespondingSourceObject: {fileID: 0}
  m_PrefabInstance: {fileID: 0}
  m_PrefabAsset: {fileID: 0}
  m_GameObject: {fileID: 4080319039033479300}
  m_Enabled: 1
  m_EditorHideFlags: 0
  m_Script: {fileID: 11500000, guid: 2d3134f8e8da9484985300ed7a6cce28, type: 3}
  m_Name: 
  m_EditorClassIdentifier: 
  subEffect: {fileID: 939454090249158840}
  type: 0
--- !u!114 &939454090249158840
MonoBehaviour:
  m_ObjectHideFlags: 0
  m_CorrespondingSourceObject: {fileID: 0}
  m_PrefabInstance: {fileID: 0}
  m_PrefabAsset: {fileID: 0}
  m_GameObject: {fileID: 4080319039033479300}
  m_Enabled: 1
  m_EditorHideFlags: 0
  m_Script: {fileID: 11500000, guid: 8a57b07c80ed051488d93cae9b80b5b6, type: 3}
  m_Name: 
  m_EditorClassIdentifier: 
  subEffect: {fileID: 5018736932409388004}
  elseSubEffect: {fileID: 5381739125998219138}
--- !u!114 &5018736932409388004
MonoBehaviour:
  m_ObjectHideFlags: 0
  m_CorrespondingSourceObject: {fileID: 0}
  m_PrefabInstance: {fileID: 0}
  m_PrefabAsset: {fileID: 0}
  m_GameObject: {fileID: 4080319039033479300}
  m_Enabled: 1
  m_EditorHideFlags: 0
  m_Script: {fileID: 11500000, guid: 4256cb6e93a69854c97fd932f5c24b2a, type: 3}
  m_Name: 
  m_EditorClassIdentifier: 
  subEffect: {fileID: 885365729823060289}
  cardIndex: 0
  shouldBe: 1
--- !u!114 &885365729823060289
MonoBehaviour:
  m_ObjectHideFlags: 0
  m_CorrespondingSourceObject: {fileID: 0}
  m_PrefabInstance: {fileID: 0}
  m_PrefabAsset: {fileID: 0}
  m_GameObject: {fileID: 4080319039033479300}
  m_Enabled: 1
  m_EditorHideFlags: 0
  m_Script: {fileID: 11500000, guid: c7aa6b7a1f9e92e4a9d8da290a952fed, type: 3}
  m_Name: 
  m_EditorClassIdentifier: 
  quantity: 1
  target: 1
--- !u!114 &5381739125998219138
MonoBehaviour:
  m_ObjectHideFlags: 0
  m_CorrespondingSourceObject: {fileID: 0}
  m_PrefabInstance: {fileID: 0}
  m_PrefabAsset: {fileID: 0}
  m_GameObject: {fileID: 4080319039033479300}
  m_Enabled: 1
  m_EditorHideFlags: 0
  m_Script: {fileID: 11500000, guid: c7aa6b7a1f9e92e4a9d8da290a952fed, type: 3}
  m_Name: 
  m_EditorClassIdentifier: 
  quantity: 1
  target: 0
--- !u!1001 &2558267596697062968
PrefabInstance:
  m_ObjectHideFlags: 0
  serializedVersion: 2
  m_Modification:
    m_TransformParent: {fileID: 0}
    m_Modifications:
    - target: {fileID: 29661977046572059, guid: 7100423288ef637479e17e31ed2b6fc4,
        type: 3}
      propertyPath: m_AnchorMax.y
      value: 0
      objectReference: {fileID: 0}
    - target: {fileID: 29661977046572059, guid: 7100423288ef637479e17e31ed2b6fc4,
        type: 3}
      propertyPath: m_AnchorMin.y
      value: 0
      objectReference: {fileID: 0}
    - target: {fileID: 29661977046572059, guid: 7100423288ef637479e17e31ed2b6fc4,
        type: 3}
      propertyPath: m_SizeDelta.x
      value: 0
      objectReference: {fileID: 0}
    - target: {fileID: 29661977046572059, guid: 7100423288ef637479e17e31ed2b6fc4,
        type: 3}
      propertyPath: m_SizeDelta.y
      value: 0
      objectReference: {fileID: 0}
    - target: {fileID: 29661977046572059, guid: 7100423288ef637479e17e31ed2b6fc4,
        type: 3}
      propertyPath: m_AnchoredPosition.x
      value: 0
      objectReference: {fileID: 0}
    - target: {fileID: 29661977046572059, guid: 7100423288ef637479e17e31ed2b6fc4,
        type: 3}
      propertyPath: m_AnchoredPosition.y
      value: 0
      objectReference: {fileID: 0}
    - target: {fileID: 958291773827653672, guid: 7100423288ef637479e17e31ed2b6fc4,
        type: 3}
      propertyPath: m_fontSize
      value: 36
      objectReference: {fileID: 0}
    - target: {fileID: 958291774000070348, guid: 7100423288ef637479e17e31ed2b6fc4,
        type: 3}
      propertyPath: color
      value: 0
      objectReference: {fileID: 0}
    - target: {fileID: 958291774000070348, guid: 7100423288ef637479e17e31ed2b6fc4,
        type: 3}
      propertyPath: effects.Array.size
      value: 1
      objectReference: {fileID: 0}
    - target: {fileID: 958291774000070348, guid: 7100423288ef637479e17e31ed2b6fc4,
        type: 3}
      propertyPath: effects.Array.data[0]
      value: 
      objectReference: {fileID: 937539102770686889}
    - target: {fileID: 958291774000070348, guid: 7100423288ef637479e17e31ed2b6fc4,
        type: 3}
      propertyPath: effects.Array.data[1]
      value: 
      objectReference: {fileID: 0}
    - target: {fileID: 958291774000070348, guid: 7100423288ef637479e17e31ed2b6fc4,
        type: 3}
      propertyPath: effects.Array.data[2]
      value: 
      objectReference: {fileID: 0}
    - target: {fileID: 958291774000070349, guid: 7100423288ef637479e17e31ed2b6fc4,
        type: 3}
      propertyPath: name
      value: Effacement de Flamme
      objectReference: {fileID: 0}
    - target: {fileID: 958291774000070349, guid: 7100423288ef637479e17e31ed2b6fc4,
        type: 3}
      propertyPath: effectType
      value: 0
      objectReference: {fileID: 0}
    - target: {fileID: 958291774000070354, guid: 7100423288ef637479e17e31ed2b6fc4,
        type: 3}
      propertyPath: m_RootOrder
      value: 0
      objectReference: {fileID: 0}
    - target: {fileID: 958291774000070354, guid: 7100423288ef637479e17e31ed2b6fc4,
        type: 3}
      propertyPath: m_LocalPosition.x
      value: 0
      objectReference: {fileID: 0}
    - target: {fileID: 958291774000070354, guid: 7100423288ef637479e17e31ed2b6fc4,
        type: 3}
      propertyPath: m_LocalPosition.y
      value: 0
      objectReference: {fileID: 0}
    - target: {fileID: 958291774000070354, guid: 7100423288ef637479e17e31ed2b6fc4,
        type: 3}
      propertyPath: m_LocalPosition.z
      value: 0
      objectReference: {fileID: 0}
    - target: {fileID: 958291774000070354, guid: 7100423288ef637479e17e31ed2b6fc4,
        type: 3}
      propertyPath: m_LocalRotation.w
      value: 1
      objectReference: {fileID: 0}
    - target: {fileID: 958291774000070354, guid: 7100423288ef637479e17e31ed2b6fc4,
        type: 3}
      propertyPath: m_LocalRotation.x
      value: 0
      objectReference: {fileID: 0}
    - target: {fileID: 958291774000070354, guid: 7100423288ef637479e17e31ed2b6fc4,
        type: 3}
      propertyPath: m_LocalRotation.y
      value: 0
      objectReference: {fileID: 0}
    - target: {fileID: 958291774000070354, guid: 7100423288ef637479e17e31ed2b6fc4,
        type: 3}
      propertyPath: m_LocalRotation.z
      value: 0
      objectReference: {fileID: 0}
    - target: {fileID: 958291774000070354, guid: 7100423288ef637479e17e31ed2b6fc4,
        type: 3}
      propertyPath: m_LocalEulerAnglesHint.x
      value: 0
      objectReference: {fileID: 0}
    - target: {fileID: 958291774000070354, guid: 7100423288ef637479e17e31ed2b6fc4,
        type: 3}
      propertyPath: m_LocalEulerAnglesHint.y
      value: 0
      objectReference: {fileID: 0}
    - target: {fileID: 958291774000070354, guid: 7100423288ef637479e17e31ed2b6fc4,
        type: 3}
      propertyPath: m_LocalEulerAnglesHint.z
      value: 0
      objectReference: {fileID: 0}
    - target: {fileID: 958291774000070355, guid: 7100423288ef637479e17e31ed2b6fc4,
        type: 3}
      propertyPath: m_Name
      value: EffacementDeFlamme
      objectReference: {fileID: 0}
    - target: {fileID: 958291775018053740, guid: 7100423288ef637479e17e31ed2b6fc4,
        type: 3}
      propertyPath: m_AnchorMax.y
      value: 0
      objectReference: {fileID: 0}
    - target: {fileID: 958291775018053740, guid: 7100423288ef637479e17e31ed2b6fc4,
        type: 3}
      propertyPath: m_AnchorMin.y
      value: 0
      objectReference: {fileID: 0}
    - target: {fileID: 958291775018053740, guid: 7100423288ef637479e17e31ed2b6fc4,
        type: 3}
      propertyPath: m_SizeDelta.x
      value: 0
      objectReference: {fileID: 0}
    - target: {fileID: 958291775018053740, guid: 7100423288ef637479e17e31ed2b6fc4,
        type: 3}
      propertyPath: m_SizeDelta.y
      value: 0
      objectReference: {fileID: 0}
    - target: {fileID: 958291775018053740, guid: 7100423288ef637479e17e31ed2b6fc4,
        type: 3}
      propertyPath: m_AnchoredPosition.x
      value: 0
      objectReference: {fileID: 0}
    - target: {fileID: 958291775018053740, guid: 7100423288ef637479e17e31ed2b6fc4,
        type: 3}
      propertyPath: m_AnchoredPosition.y
      value: 0
      objectReference: {fileID: 0}
    - target: {fileID: 958291775642709241, guid: 7100423288ef637479e17e31ed2b6fc4,
        type: 3}
      propertyPath: m_AnchorMax.y
      value: 0
      objectReference: {fileID: 0}
    - target: {fileID: 958291775642709241, guid: 7100423288ef637479e17e31ed2b6fc4,
        type: 3}
      propertyPath: m_AnchorMin.y
      value: 0
      objectReference: {fileID: 0}
    - target: {fileID: 958291775642709241, guid: 7100423288ef637479e17e31ed2b6fc4,
        type: 3}
      propertyPath: m_SizeDelta.x
      value: 0
      objectReference: {fileID: 0}
    - target: {fileID: 958291775642709241, guid: 7100423288ef637479e17e31ed2b6fc4,
        type: 3}
      propertyPath: m_SizeDelta.y
      value: 0
      objectReference: {fileID: 0}
    - target: {fileID: 958291775642709241, guid: 7100423288ef637479e17e31ed2b6fc4,
        type: 3}
      propertyPath: m_AnchoredPosition.x
      value: 0
      objectReference: {fileID: 0}
    - target: {fileID: 958291775642709241, guid: 7100423288ef637479e17e31ed2b6fc4,
        type: 3}
      propertyPath: m_AnchoredPosition.y
      value: 0
      objectReference: {fileID: 0}
    - target: {fileID: 958291775797632011, guid: 7100423288ef637479e17e31ed2b6fc4,
        type: 3}
      propertyPath: m_AnchorMax.y
      value: 0
      objectReference: {fileID: 0}
    - target: {fileID: 958291775797632011, guid: 7100423288ef637479e17e31ed2b6fc4,
        type: 3}
      propertyPath: m_AnchorMin.y
      value: 0
      objectReference: {fileID: 0}
    - target: {fileID: 958291775797632011, guid: 7100423288ef637479e17e31ed2b6fc4,
        type: 3}
      propertyPath: m_SizeDelta.x
      value: 0
      objectReference: {fileID: 0}
    - target: {fileID: 958291775797632011, guid: 7100423288ef637479e17e31ed2b6fc4,
        type: 3}
      propertyPath: m_SizeDelta.y
      value: 0
      objectReference: {fileID: 0}
    - target: {fileID: 958291775797632011, guid: 7100423288ef637479e17e31ed2b6fc4,
        type: 3}
      propertyPath: m_AnchoredPosition.x
      value: 0
      objectReference: {fileID: 0}
    - target: {fileID: 958291775797632011, guid: 7100423288ef637479e17e31ed2b6fc4,
        type: 3}
      propertyPath: m_AnchoredPosition.y
      value: 0
      objectReference: {fileID: 0}
    - target: {fileID: 3101342029344213039, guid: 7100423288ef637479e17e31ed2b6fc4,
        type: 3}
      propertyPath: m_AnchorMax.y
      value: 0
      objectReference: {fileID: 0}
    - target: {fileID: 3101342029344213039, guid: 7100423288ef637479e17e31ed2b6fc4,
        type: 3}
      propertyPath: m_AnchorMin.y
      value: 0
      objectReference: {fileID: 0}
    - target: {fileID: 3101342029344213039, guid: 7100423288ef637479e17e31ed2b6fc4,
        type: 3}
      propertyPath: m_SizeDelta.x
      value: 0
      objectReference: {fileID: 0}
    - target: {fileID: 3101342029344213039, guid: 7100423288ef637479e17e31ed2b6fc4,
        type: 3}
      propertyPath: m_SizeDelta.y
      value: 0
      objectReference: {fileID: 0}
    - target: {fileID: 3101342029344213039, guid: 7100423288ef637479e17e31ed2b6fc4,
        type: 3}
      propertyPath: m_AnchoredPosition.x
      value: 0
      objectReference: {fileID: 0}
    - target: {fileID: 3101342029344213039, guid: 7100423288ef637479e17e31ed2b6fc4,
        type: 3}
      propertyPath: m_AnchoredPosition.y
      value: 0
      objectReference: {fileID: 0}
    - target: {fileID: 3984161722097273588, guid: 7100423288ef637479e17e31ed2b6fc4,
        type: 3}
      propertyPath: m_AnchorMax.y
      value: 0
      objectReference: {fileID: 0}
    - target: {fileID: 3984161722097273588, guid: 7100423288ef637479e17e31ed2b6fc4,
        type: 3}
      propertyPath: m_AnchorMin.y
      value: 0
      objectReference: {fileID: 0}
    - target: {fileID: 3984161722097273588, guid: 7100423288ef637479e17e31ed2b6fc4,
        type: 3}
      propertyPath: m_SizeDelta.x
      value: 0
      objectReference: {fileID: 0}
    - target: {fileID: 3984161722097273588, guid: 7100423288ef637479e17e31ed2b6fc4,
        type: 3}
      propertyPath: m_SizeDelta.y
      value: 0
      objectReference: {fileID: 0}
    - target: {fileID: 3984161722097273588, guid: 7100423288ef637479e17e31ed2b6fc4,
        type: 3}
      propertyPath: m_AnchoredPosition.x
      value: 0
      objectReference: {fileID: 0}
    - target: {fileID: 3984161722097273588, guid: 7100423288ef637479e17e31ed2b6fc4,
        type: 3}
      propertyPath: m_AnchoredPosition.y
      value: 0
      objectReference: {fileID: 0}
    - target: {fileID: 5292994816507919900, guid: 7100423288ef637479e17e31ed2b6fc4,
        type: 3}
      propertyPath: m_AnchorMax.y
      value: 0
      objectReference: {fileID: 0}
    - target: {fileID: 5292994816507919900, guid: 7100423288ef637479e17e31ed2b6fc4,
        type: 3}
      propertyPath: m_AnchorMin.y
      value: 0
      objectReference: {fileID: 0}
    - target: {fileID: 5292994816507919900, guid: 7100423288ef637479e17e31ed2b6fc4,
        type: 3}
      propertyPath: m_SizeDelta.x
      value: 0
      objectReference: {fileID: 0}
    - target: {fileID: 5292994816507919900, guid: 7100423288ef637479e17e31ed2b6fc4,
        type: 3}
      propertyPath: m_SizeDelta.y
      value: 0
      objectReference: {fileID: 0}
    - target: {fileID: 5292994816507919900, guid: 7100423288ef637479e17e31ed2b6fc4,
        type: 3}
      propertyPath: m_AnchoredPosition.x
      value: 0
      objectReference: {fileID: 0}
    - target: {fileID: 5292994816507919900, guid: 7100423288ef637479e17e31ed2b6fc4,
        type: 3}
      propertyPath: m_AnchoredPosition.y
      value: 0
      objectReference: {fileID: 0}
    m_RemovedComponents: []
  m_SourcePrefab: {fileID: 100100000, guid: 7100423288ef637479e17e31ed2b6fc4, type: 3}
--- !u!4 &508029162967619565 stripped
Transform:
  m_CorrespondingSourceObject: {fileID: 2633527187675552213, guid: 7100423288ef637479e17e31ed2b6fc4,
    type: 3}
  m_PrefabInstance: {fileID: 2558267596697062968}
  m_PrefabAsset: {fileID: 0}
